@STRING{AISTATS = {AISTATS}}

@STRING{AOS = {Ann. Statist.}}

@STRING{AAS = {Ann. Appl. Stat.}}

@STRING{COLT = {COLT}}

@STRING{CVPR = {CVPR}}

@STRING{ICCV = {ICCV}}

@STRING{ICIP = {ICIP}}

@STRING{ICASSP = {ICASSP}}

@STRING{ICML = {ICML}}

@STRING{ICIKM = {ICIKM}}

@STRING{IEEE_J_PAMI = {{IEEE} Trans. Pattern Anal. Mach. Intell.}}

@STRING{IEEE_J_IP = {{IEEE} Trans. Image Process.}}

@STRING{IEEE_J_IT = {{IEEE} Trans. Inf. Theory}}

@STRING{IEEE_J_TSP = {{IEEE} Trans. Sig. Process.}}

@STRING{EJS = {Electron. J. Stat.}}

@STRING{IJCV = {Int. J. Comput. Vision}}
A
@STRING{JASA = { J. Am. Statist. Assoc.}}

@STRING{JMLR = { J. Mach. Learn. Res.}}

@STRING{JRSSB = {J. Roy. Statist. Soc. Ser. B}}

@STRING{MMS = { Mathematical Methods of Statistics}}

@STRING{NIPS = {NIPS}}

@STRING{PTRF = {Probab. Theory Related Fields}}

@STRING{JSS = {J. Stat. Softw.}}

@STRING{ACHA = {Appl. Comput. Harmon. Anal.}}

@STRING{SIIMS = {SIAM J. Imaging Sci.}}


@preamble{ {\providecommand{\AC}{A.-C}} }
@preamble{ {\providecommand{\CA}{C.-A}} }
@preamble{ {\providecommand{\CH}{C.-H}} }
@preamble{ {\providecommand{\CJ}{C.-J}} }
@preamble{ {\providecommand{\JC}{J.-C}} }
@preamble{ {\providecommand{\JP}{J.-P}} }
@preamble{ {\providecommand{\JB}{J.-B}} }
@preamble{ {\providecommand{\JF}{J.-F}} }
@preamble{ {\providecommand{\JJ}{J.-J}} }
@preamble{ {\providecommand{\JM}{J.-M}} }
@preamble{ {\providecommand{\KW}{K.-W}} }
@preamble{ {\providecommand{\PL}{P.-L}} }
@preamble{ {\providecommand{\RE}{R.-E}} }
@preamble{ {\providecommand{\SJ}{S.-J}} }
@preamble{ {\providecommand{\XR}{X.-R}} }
@preamble{ {\providecommand{\WX}{W.-X}} }
@preamble{ {\providecommand{\PL}{P.-L}} }
@preamble{ {\providecommand{\YX}{Y.-X}} }


@article{Ch12,
year={2011},
issn={0960-3174},
journal={Statistics and Computing},
volume={21},
number={2},
doi={10.1007/s11222-009-9168-1},
title={Fast simulation of truncated Gaussian distributions},
publisher={Springer US},
keywords={Accept-reject; Markov chain Monte Carlo; Tail Gaussian distribution; Truncated Gaussian distribution},
author={Chopin, Nicolas},
pages={275-288},
language={English}
}
url={http://dx.doi.org/10.1007/s11222-009-9168-1},


@article{Ne03,
	author = "Neal, Radford M.",
	issn = "0090-5364",
	journal = "Annals of Statistics",
	number = "3",
	pages = "705--767",
	publisher = "JSTOR",
	title = "{Slice Sampling}",
	volume = "31",
	year = "2003"
}


@article{MoStBrHa08,
	abstract = "Source current estimation from electromagnetic (MEG and EEG) signals is an ill-posed problem that often produces blurry or inaccurately positioned estimates. The two modalities have distinct factors limiting the resolution, e.g., MEG cannot detect radially oriented sources, while EEG is sensitive to accuracy of the head model. This makes combined EEG+MEG estimation techniques desirable, but different acquisition noise statistics, complexity of the head models, and lack of pertinent metrics all complicate the assessment of the resulting improvements. We investigated analytically the effect of including EEG recordings in MEG studies versus the addition of new MEG channels when computing noise-normalized minimum l(2)-norm estimates. Three-compartment boundary-element forward models were constructed using structural MRI scans for four subjects. Singular value analysis of the resulting forward models predicted better performance of the EEG+MEG case in the form of higher matrix rank. MNE inverse operators for EEG, MEG and EEG+MEG were constructed using the sensor noise covariance estimated from data. Metrics derived from the resolution matrices predicted higher spatial resolution in EEG+MEG as compared to MEG due to decreased spread (lower spatial dispersion, higher resolution index) with no reduction in dipole localization error. The effect was apparent in all source locations, with increased magnitude for deep areas such as the cingulate cortex. We were also able to corroborate the results for the somatosensory cortex using median nerve responses.",
	affiliation = "Harvard-MIT Division for Health Sciences and Technology, Cambridge, MA 02139, USA. amolins@mit.edu",
	author = "Molins, A and Stufflebeam, Steven M and Brown, E N and H{\"a}m{\"a}l{\"a}inen, Matti",
	bdsk-url-1 = "http://www.ncbi.nlm.nih.gov/pubmed/18602485",
	issn = "1095-9572",
	journal = "Neuroimage",
	month = sep,
	number = "3",
	pages = "1069--1077",
	title = "{Quantification of the benefit from integrating MEG and EEG data in minimum l2-norm estimation.}",
  volume = "42",
  year = "2008"
}
	url = "http://www.ncbi.nlm.nih.gov/pubmed/18602485",


@article{FrHaDaKiPhTrHeFlMa08,
	abstract = "This paper describes an application of hierarchical or empirical Bayes to the distributed source reconstruction problem in electro- and magnetoencephalography (EEG and MEG). The key contribution is the automatic selection of multiple cortical sources with compact spatial support that are specified in terms of empirical priors. This obviates the need to use priors with a specific form (e.g., smoothness or minimum norm) or with spatial structure (e.g., priors based on depth constraints or functional magnetic resonance imaging results). Furthermore, the inversion scheme allows for a sparse solution for distributed sources, of the sort enforced by equivalent current dipole (ECD) models. This means the approach automatically selects either a sparse or a distributed model, depending on the data. The scheme is compared with conventional applications of Bayesian solutions to quantify the improvement in performance.",
	affiliation = "The Wellcome Trust Centre for Neuroimaging, Institute of Neurology, UCL, 12 Queen Square, London, WC1N 3BG, UK. k.friston@fil.ion.ucl.ac.uk",
	author = "Friston, Karl J and Harrison, Lee and Daunizeau, Jean and Kiebel, Stefan J and Phillips, Christophe and Trujillo-Barreto, Nelson J and Henson, Richard N and Flandin, Guillaume and Mattout, J{\'e}r{\'e}mie",
	bdsk-url-1 = "http://www.ncbi.nlm.nih.gov/pubmed/17997111",
	issn = "1053-8119",
	journal = "Neuroimage",
	month = feb,
	number = "3",
	pages = "1104--1120",
	title = "{Multiple sparse priors for the {M/EEG} inverse problem.}",
  volume = "39",
  year = "2008"
}
	url = "http://www.ncbi.nlm.nih.gov/pubmed/17997111",



@article{AyVoKuHeKuGaHaWeKeRaWoHe14,
    author = {Aydin, Ümit AND Vorwerk, Johannes AND Küpper, Philipp AND Heers, Marcel AND Kugel, Harald AND Galka, Andreas AND Hamid, Laith AND Wellmer, Jörg AND Kellinghaus, Christoph AND Rampp, Stefan AND Wolters, Carsten Hermann},
    journal = {PLOS ONE},
    publisher = {Public Library of Science},
    title = {Combining EEG and MEG for the Reconstruction of Epileptic Activity Using a Calibrated Realistic Volume Conductor Model},
    year = {2014},
    month = {03},
    volume = {9},
    pages = {1-17},
    abstract = {To increase the reliability for the non-invasive determination of the irritative zone in presurgical epilepsy diagnosis, we introduce here a new experimental and methodological source analysis pipeline that combines the complementary information in EEG and MEG, and apply it to data from a patient, suffering from refractory focal epilepsy. Skull conductivity parameters in a six compartment finite element head model with brain anisotropy, constructed from individual MRI data, are estimated in a calibration procedure using somatosensory evoked potential (SEP) and field (SEF) data. These data are measured in a single run before acquisition of further runs of spontaneous epileptic activity. Our results show that even for single interictal spikes, volume conduction effects dominate over noise and need to be taken into account for accurate source analysis. While cerebrospinal fluid and brain anisotropy influence both modalities, only EEG is sensitive to skull conductivity and conductivity calibration significantly reduces the difference in especially depth localization of both modalities, emphasizing its importance for combining EEG and MEG source analysis. On the other hand, localization differences which are due to the distinct sensitivity profiles of EEG and MEG persist. In case of a moderate error in skull conductivity, combined source analysis results can still profit from the different sensitivity profiles of EEG and MEG to accurately determine location, orientation and strength of the underlying sources. On the other side, significant errors in skull modeling are reflected in EEG reconstruction errors and could reduce the goodness of fit to combined datasets. For combined EEG and MEG source analysis, we therefore recommend calibrating skull conductivity using additionally acquired SEP/SEF data.},
    number = {3},
    doi = {10.1371/journal.pone.0093154}
}
    url = {https://doi.org/10.1371/journal.pone.0093154},



@article{CaHaPuSo09,
	author = "Calvetti, Daniela and Hakula, Harri and Pursiainen, Sampsa and Somersalo, Erkki",
	bdsk-url-1 = "http://dx.doi.org/10.1137/080723995",
	doi = "10.1137/080723995",
	journal = "SIAM J Imaging Sci",
	number = "3",
	pages = "879--909",
	title = "{Conditionally Gaussian hypermodels for cerebral source localization.}",
	volume = "2",
	year = "2009"
}


@book{FoRa13,
 author = {Foucart, Simon and Rauhut, Holger},
 title = {A Mathematical Introduction to Compressive Sensing},
 year = {2013},
 isbn = {0817649476, 9780817649470},
 publisher = {Birkh\"{a}user Basel}
} 


@ARTICLE{ChHeSa17,
   author = {{Chzhen}, E. and {Hebiri}, M. and {Salmon}, J.},
    title = "{On Lasso refitting strategies}",
  journal = {arXiv},
   volume = {1707.05232},
     year = 2017,
    month = jul,
}


@article{OsBuGoXuYi06,
	author = "Osher, S. and Burger, M. and Goldfarb, D. and Xu, J. and Yin, W.",
	journal = "Multiscale Modeling and Simulation",
	number = "2",
	pages = "460--489",
	publisher = "Citeseer",
	title = "{An iterative regularization method for total variation-based image restoration}",
	volume = "4",
	year = "2006"
}


@book{GeCaStRu03,
	abstract = "{Incorporating new and updated information, this second edition of THE bestselling text in Bayesian data analysis continues to emphasize practice over theory, describing how to conceptualize, perform, and critique statistical analyses from a Bayesian perspective. Its world-class authors provide guidance on all aspects of Bayesian data analysis and include examples of real statistical analyses, based on their own research, that demonstrate how to solve complicated problems. Changes in the new edition include: \&\#183;Stronger focus on MCMC\&\#183;Revision of the computational advice in Part III\&\#183;New chapters on nonlinear models and decision analysis\&\#183;Several additional applied examples from the authors' recent research\&\#183;Additional chapters on current models for Bayesian data analysis such as nonlinear models, generalized linear mixed models, and more\&\#183;Reorganization of chapters 6 and 7 on model checking and data collectionBayesian computation is currently at a stage where there are many reasonable ways to compute any given posterior distribution. However, the best approach is not always clear ahead of time. Reflecting this, the new edition offers a more pluralistic presentation, giving advice on performing computations from many perspectives while making clear the importance of being aware that there are different ways to implement any given iterative simulation computation. The new approach, additional examples, and updated information make Bayesian Data Analysis an excellent introductory text and a reference that working scientists will use throughout their professional life.}",
	author = "Gelman, Andrew and Carlin, John B. and Stern, Hal S. and Rubin, Donald B.",
	day = "29",
	edition = "2nd",
	howpublished = "Hardcover",
	month = "July",
	publisher = "CRC Press",
	series = "{Chapman and Hall/CRC Texts in Statistical Science}",
	title = "{Bayesian Data Analysis}",
	year = "2003"
}


@book{KaSo05,
	author = "Kaipio, Jari P and Somersalo, Erkki",
	bdsk-url-1 = "http://www.springerlink.com/content/wvv674/",
	bdsk-url-2 = "http://dx.doi.org/10.1007/b138659",
	doi = "10.1007/b138659",
	isbn = "978-0-387-22073-4 (Print) 978-0-387-27132-3 (Online)",
	issn = "0066-5452",
	publisher = "Springer New York",
	series = "{Applied Mathematical Sciences}",
	subject_collection = "Mathematics and Statistics",
	title = "{Statistical and Computational Inverse Problems}",
  volume = "160",
  year = "2005"
}
	url = "http://www.springerlink.com/content/wvv674",


@book{RoCa05,
 author = {Robert, Christian P. and Casella, George},
 title = {Monte Carlo Statistical Methods (Springer Texts in Statistics)},
 year = {2005},
 isbn = {0387212396},
 publisher = {Springer-Verlag New York, Inc.},
 address = {Secaucus, NJ, USA},
}




@article{Pa02,
	abstract = "Scalp electric potentials (electroencephalograms) and extracranial magnetic fields (magnetoencephalograms) are due to the primary (impressed) current density distribution that arises from neuronal postsynaptic processes. A solution to the inverse problem--the computation of images of electric neuronal activity based on extracranial measurements--would provide important information on the time-course and localization of brain function. In general, there is no unique solution to this problem. In particular, an instantaneous, distributed, discrete, linear solution capable of exact localization of point sources is of great interest, since the principles of linearity and superposition would guarantee its trustworthiness as a functional imaging method, given that brain activity occurs in the form of a finite number of distributed hot spots. Despite all previous efforts, linear solutions, at best, produced images with systematic nonzero localization errors. A solution reported here yields images of standardized current density with zero localization error. The purpose of this paper is to present the technical details of the method, allowing researchers to test, check, reproduce and validate the new method.",
	affiliation = "KEY Institute for Brain-Mind Research, University Hospital of Psychiatry, Zurich, Switzerland. pascualm@key.unizh.ch",
	author = "Pascual-Marqui, R D",
	bdsk-url-1 = "http://www.ncbi.nlm.nih.gov/pubmed/12575463",
	issn = "0379-0355",
	journal = "Methods Find Exp Clin Pharmacol",
	number = "Suppl D",
	pages = "5--12",
	title = "{Standardized low-resolution brain electromagnetic tomography (sLORETA): technical details.}",
  volume = "24",
  year = "2002"
}
	url = "http://www.ncbi.nlm.nih.gov/pubmed/12575463",



@ARTICLE{Gramfort_Kowalski_Hamalainen12,
  author = {A. Gramfort and M. Kowalski and M. H{\"a}m{\"a}l{\"a}inen},
  title = {Mixed-norm estimates for the {M/EEG} inverse problem using
accelerated gradient methods},
  journal = {Physics in Medicine and Biology},
  year = {2012},
  volume = {57},
  pages = {1937-1961},
  number = {7},
  publisher = {IOP Science}
}


@ARTICLE{Tibshirani96,
  AUTHOR = {R. Tibshirani},
   TITLE = {Regression shrinkage and selection via the lasso},
   JOURNAL = JRSSB,
  FJOURNAL = {Journal of the Royal Statistical Society. Series B.
              Methodological},
    VOLUME = {58},
      YEAR = {1996},
    NUMBER = {1},
     PAGES = {267--288},
}

@article{lim-yu:2015,
  Author = {Chinghway Lim and Bin Yu},
  Date-Added = {2016-03-22 10:35:03 +0000},
  Date-Modified = {2016-03-22 10:35:03 +0000},
  Doi = {10.1080/10618600.2015.1020159},
  Eprint = {http://dx.doi.org/10.1080/10618600.2015.1020159},
  Journal = {J. Comp. Graph. Stat.},
  Title = {Estimation stability with cross validation {(ESCV)}},
  Url = {http://dx.doi.org/10.1080/10618600.2015.1020159},
  Year = {2015},
  Bdsk-Url-1 = {http://dx.doi.org/10.1080/10618600.2015.1020159}}

@article{huang-etal:2012,
  Author = {Huang, Jian and Breheny, Patrick and Ma, Shuangge},
  Date-Added = {2016-03-08 12:23:02 +0000},
  Date-Modified = {2016-03-22 10:49:29 +0000},
  Journal = {Statist. Sci.},
  Month = {Nov.},
  Number = {4},
  Title = {A selective review of group selection in high-dimensional models},
  Volume = {27},
  Year = {2012}}

@article{xu-etal:2007,
  Author = {Xu, Peng and Tian, Yin and Chen, Huafu and Yao, Dezhong},
  Date-Added = {2016-03-08 08:48:28 +0000},
  Date-Modified = {2016-03-22 10:24:29 +0000},
  Journal = {{IEEE} Trans. Biomed. Eng.},
  Month = {Mar.},
  Number = {3},
  Pages = {400--409},
  Title = {{Lp norm iterative sparse solution for EEG source localization}},
  Volume = {54},
  Year = {2007}}

@article{gorodnitsky-etal:1995,
  Author = {Gorodnitsky, Irina F and George, John S and Rao, Bhaskar D},
  Date-Added = {2016-03-08 08:43:22 +0000},
  Date-Modified = {2016-04-05 07:49:26 +0000},
  Journal = {Electroencephalogr. Clin. Neurophysiol.},
  Month = {Oct.},
  Number = {4},
  Pages = {231--251},
  Publisher = {Elsevier},
  Title = {{Neuromagnetic source imaging with FOCUSS: a recursive weighted minimum norm algorithm}},
  Volume = {95},
  Year = {1995}}

@article{mosher-etal:1992,
  Author = {Mosher, John C and Lewis, Paul S and Leahy, Richard M},
  Date-Added = {2016-03-07 15:49:47 +0000},
  Date-Modified = {2016-03-07 15:50:42 +0000},
  Journal = {{IEEE} Trans. Biomed. Eng.},
  Month = {June},
  Number = {6},
  Pages = {541--557},
  Title = {{Multiple dipole modeling and localization from spatio-temporal MEG data}},
  Volume = {39},
  Year = {1992}}

@article{mosher-leahy:1998,
  Author = {Mosher, John C and Leahy, Richard M},
  Date-Added = {2016-03-07 15:35:07 +0000},
  Date-Modified = {2016-03-09 13:48:45 +0000},
  Journal = {{IEEE} Trans. Biomed. Eng.},
  Month = {Jan.},
  Number = {11},
  Pages = {1342--1354},
  Publisher = {IEEE},
  Title = {{Recursive MUSIC: a framework for EEG and MEG source localization}},
  Volume = {45},
  Year = {1998}}

@article{xu-etal:2004,
  Author = {Xu, Xiao-Liang and Xu, Bobby and He, Bin},
  Date-Added = {2016-03-07 15:34:42 +0000},
  Date-Modified = {2016-03-22 10:10:18 +0000},
  Journal = {Phys. Med. Biol.},
  Month = {Jan.},
  Number = {2},
  Pages = {327},
  Title = {{An alternative subspace approach to EEG dipole source localization}},
  Volume = {49},
  Year = {2004}}

@article{liu-etal:2005,
  Author = {Liu, Hesheng and Schimpf, Paul H and Dong, Guoya and Gao, Xiaorong and Yang, Fusheng and Gao, Shangkai},
  Date-Added = {2016-03-02 13:00:57 +0000},
  Date-Modified = {2016-04-05 07:46:26 +0000},
  Journal = {{IEEE} Trans. Biomed. Eng.},
  Month = {Oct.},
  Number = {10},
  Pages = {1681--1691},
  Title = {{Standardized shrinking LORETA-FOCUSS (SSLOFO): a new algorithm for spatio-temporal EEG source reconstruction}},
  Volume = {52},
  Year = {2005}}

@article{portniaguine-zhdanov:1999,
  Author = {Portniaguine, Oleg and Zhdanov, Michael S},
  Date-Added = {2016-03-02 10:51:44 +0000},
  Date-Modified = {2016-03-22 10:23:22 +0000},
  Journal = {Geophysics},
  Month = {June},
  Number = {3},
  Pages = {874--887},
  Title = {Focusing geophysical inversion images},
  Volume = {64},
  Year = {1999}}

@book{dinh:2015,
  Address = {Herzogenrath},
  Author = {Christoph Dinh},
  Date-Added = {2015-12-01 15:43:57 +0000},
  Date-Modified = {2015-12-01 15:48:38 +0000},
  Publisher = {Shaker},
  Title = {Brain Monitoring: Real-Time Localization of Neuronal Activity},
  Year = {2015}}

@article{diwakar-etal:2011,
  Author = {Diwakar, Mithun and Huang, Ming-Xiong and Srinivasan, Ramesh and Harrington, Deborah L and Robb, Ashley and Angeles, Annemarie and Muzzatti, Laura and Pakdaman, Reza and Song, Tao and Theilmann, Rebecca J and Lee, Roland R},
  Date-Added = {2015-11-20 10:32:28 +0000},
  Date-Modified = {2015-11-30 08:03:50 +0000},
  Journal = {NeuroImage},
  Month = {Jan.},
  Number = {1},
  Pages = {253--263},
  Title = {Dual-core beamformer for obtaining highly correlated neuronal networks in {MEG}},
  Volume = {54},
  Year = {2011}}

@article{mosher-leahy:1999,
  Author = {Mosher, John C and Leahy, Richard M},
  Date-Added = {2015-11-19 12:33:23 +0000},
  Date-Modified = {2015-11-19 12:34:58 +0000},
  Journal = {{IEEE} Trans. Signal Process.},
  Month = {Feb.},
  Number = {2},
  Pages = {332--340},
  Title = {Source localization using recursively applied and projected {(RAP) MUSIC}},
  Volume = {47},
  Year = {1999}}

@inproceedings{fercoq-etal:2015,
  Author = {Fercoq, Olivier and Gramfort, Alexandre and Salmon, Joseph},
  Booktitle = {32nd Int. Conference on Machine Learning {(ICML)}},
  Date-Added = {2015-11-19 10:16:02 +0000},
  Date-Modified = {2016-03-22 10:43:39 +0000},
  Pages = {333-342},
  Title = {Mind the duality gap: safer rules for the Lasso},
  Year = {2015}}

@article{dinh-etal:2015,
  Author = {Dinh, Christoph and Strohmeier, Daniel and Luessi, Martin and G{\"u}llmar, Daniel and Baumgarten, Daniel and Haueisen, Jens and H{\"a}m{\"a}l{\"a}inen, Matti S},
  Date-Added = {2015-11-10 10:39:08 +0000},
  Date-Modified = {2015-11-30 08:05:38 +0000},
  Journal = {Brain topography},
  Month = {Nov.},
  Number = {6},
  Pages = {771--784},
  Title = {Real-Time {MEG} Source Localization Using Regional Clustering},
  Volume = {28},
  Year = {2015}}

@article{li-osher:2009,
  Author = {Li, Yingying and Osher, Stanley},
  Date-Added = {2015-11-10 08:34:03 +0000},
  Date-Modified = {2016-03-09 13:47:26 +0000},
  Journal = {Inverse Problems and Imaging},
  Month = {Aug.},
  Number = {3},
  Pages = {487--503},
  Title = {Coordinate descent optimization for l1 minimization with application to compressed sensing; a greedy algorithm},
  Volume = {3},
  Year = {2009}}

@article{woodworth-chartrand:2015,
  Author = {Woodworth, Joseph and Chartrand, Rick},
  Date-Added = {2015-09-08 08:06:36 +0000},
  Date-Modified = {2016-03-22 10:40:35 +0000},
  Journal = {arXiv:1504.02923},
  Month = {Apr.},
  Title = {Compressed sensing recovery via nonconvex shrinkage penalties},
  Url = {http://arxiv.org/abs/1504.02923},
  Year = {2015},
  Bdsk-Url-1 = {http://dx.doi.org/10.1080/10618600.2015.1020159}}

@inproceedings{Strohmeier-etal:2014,
  Author = {Strohmeier, D. and Haueisen, J. and Gramfort, A.},
  Booktitle = {4th Int. Workshop on Pattern Recognition in Neuroimaging ({PRNI})},
  Date-Added = {2015-08-16 13:12:20 +0000},
  Date-Modified = {2016-03-22 10:43:25 +0000},
  Doi = {10.1109/PRNI.2014.6858545},
  Pages = {1-4},
  Title = {Improved {MEG/EEG} source localization with reweighted mixed-norms},
  Year = {2014},
  Bdsk-Url-1 = {http://dx.doi.org/10.1109/PRNI.2014.6858545}}

@article{sun-etal:2013,
  Author = {Sun, Wei and Wang, Junhui and Fang, Yixin},
  Date-Added = {2015-08-15 11:12:56 +0000},
  Date-Modified = {2015-08-19 11:44:30 +0000},
  Journal = {J. Mach. Learn. Res.},
  Month = {Nov.},
  Number = {1},
  Pages = {3419--3440},
  Title = {Consistent selection of tuning parameters via variable selection stability},
  Volume = {14},
  Year = {2013}}

@article{huang-etal:2014,
  Author = {Huang, Ming-Xiong and Huang, Charles W and Robb, Ashley and Angeles, AnneMarie and Nichols, Sharon L and Baker, Dewleen G and Song, Tao and Harrington, Deborah L and Theilmann, Rebecca J and Srinivasan, Ramesh and others},
  Date-Added = {2015-07-07 06:00:15 +0000},
  Date-Modified = {2015-08-19 11:29:27 +0000},
  Journal = {NeuroImage},
  Month = {Jan.},
  Pages = {585--604},
  Publisher = {Elsevier},
  Title = {{MEG} source imaging method using fast L1 minimum-norm and its applications to signals with brain noise and human resting-state source amplitude images},
  Volume = {84},
  Year = {2014}}

@inproceedings{zhang2011sparsec,
  Author = {Zhang, Zhilin and Rao, Bhaskar D},
  Booktitle = {{IEEE} Int. Conference on Acoustics, Speech and Signal Processing {(ICASSP)}},
  Date-Added = {2015-05-11 07:55:15 +0000},
  Date-Modified = {2016-03-22 10:44:44 +0000},
  Pages = {3932--3935},
  Title = {Iterative reweighted algorithms for sparse signal recovery with temporally correlated source vectors},
  Year = {2011}}

@inproceedings{zhang2011sparseb,
  Author = {Zhang, Zhilin and Rao, Bhaskar D},
  Booktitle = {28th Int. Conference on Machine learning {(ICML)}},
  Date-Added = {2015-05-07 12:13:36 +0000},
  Date-Modified = {2016-03-22 10:44:32 +0000},
  Title = {Exploiting correlation in sparse signal recovery problems: Multiple measurement vectors, block sparsity, and time-varying sparsity},
  Year = {2011}}

@article{nagarajan-etal:2006,
  Author = {Nagarajan, Srikantan S and Portniaguine, Oleg and Hwang, Dosik and Johnson, Chris and Sekihara, Kensuke},
  Date-Added = {2015-05-07 11:52:25 +0000},
  Date-Modified = {2016-03-08 15:26:48 +0000},
  Journal = {NeuroImage},
  Month = {Nov.},
  Number = {3},
  Pages = {878--885},
  Title = {{Controlled support MEG imaging}},
  Volume = {33},
  Year = {2006}}

@article{bolstad-etal:2009,
  Author = {Bolstad, Andrew and Van Veen, Barry and Nowak, Robert},
  Date-Added = {2015-05-07 11:44:15 +0000},
  Date-Modified = {2015-08-19 11:27:44 +0000},
  Journal = {NeuroImage},
  Month = {July},
  Number = {4},
  Pages = {1066--1081},
  Title = {Space-time event sparse penalization for magneto-/electroencephalography},
  Volume = {46},
  Year = {2009}}

@article{liao-etal:2014,
  Author = {Liao, Xuejun and Li, Hui and Carin, Lawrence},
  Date-Added = {2015-05-07 11:31:34 +0000},
  Date-Modified = {2016-03-22 10:51:31 +0000},
  Journal = {{SIAM} J. Imaging Sci.},
  Month = {Apr.},
  Number = {2},
  Pages = {797--823},
  Title = {{Generalized Alternating Projection for Weighted-2,1 Minimization with Applications to Model-Based Compressive Sensing}},
  Volume = {7},
  Year = {2014}}

@article{hayes-krippendorff:2007,
  Author = {Hayes, Andrew F and Krippendorff, Klaus},
  Date-Added = {2015-05-07 08:52:08 +0000},
  Date-Modified = {2015-08-19 11:15:06 +0000},
  Journal = {Commun. Methods Meas.},
  Month = {Dec.},
  Number = {1},
  Pages = {77--89},
  Title = {Answering the call for a standard reliability measure for coding data},
  Volume = {1},
  Year = {2007}}

@article{cotter-etal:2005,
  Author = {Cotter, Shane F and Rao, Bhaskar D and Engan, Kjersti and Kreutz-Delgado, Kenneth},
  Date-Added = {2015-05-06 13:06:41 +0000},
  Date-Modified = {2015-11-19 12:35:37 +0000},
  Journal = IEEE_J_TSP,
  Month = {July},
  Number = {7},
  Pages = {2477--2488},
  Publisher = {IEEE},
  Title = {Sparse solutions to linear inverse problems with multiple measurement vectors},
  Volume = {53},
  Year = {2005}}

@inproceedings{saab-etal:2008,
  Author = {Saab, Rayan and Chartrand, Rick and Yilmaz, Ozg{\"u}r},
  Booktitle = {{IEEE} Int. Conference on Acoustics, Speech and Signal Processing {(ICASSP)}},
  Date-Added = {2015-05-06 11:17:02 +0000},
  Date-Modified = {2016-03-22 10:42:06 +0000},
  Pages = {3885--3888},
  Title = {Stable sparse approximations via nonconvex optimization},
  Year = {2008}}

@article{wipf-nagarajan:2010,
  Author = {Wipf, David and Nagarajan, Srikantan},
  Date-Added = {2015-05-06 10:56:15 +0000},
  Date-Modified = {2015-11-19 12:36:39 +0000},
  Journal = {{IEEE} J. Sel. Topics Signal Process.},
  Month = {Apr.},
  Number = {2},
  Pages = {317--329},
  Publisher = {IEEE},
  Title = {Iterative reweighted and methods for finding sparse solutions},
  Volume = {4},
  Year = {2010}}

@article{gorodnitsky-rao:1997,
  Author = {Gorodnitsky, Irina F and Rao, Bhaskar D},
  Date-Added = {2015-05-06 09:47:52 +0000},
  Date-Modified = {2016-03-08 15:36:04 +0000},
  Journal = {{IEEE} Trans. Signal Process.},
  Month = {Mar.},
  Number = {3},
  Pages = {600--616},
  Title = {{Sparse signal reconstruction from limited data using {FOCUSS}: A re-weighted minimum norm algorithm}},
  Volume = {45},
  Year = {1997}}

@article{rao-etal:1999,
  Author = {Rao, Bhaskar D and Kreutz-Delgado, Kenneth},
  Date-Added = {2015-05-06 09:46:42 +0000},
  Date-Modified = {2015-11-19 12:36:17 +0000},
  Journal = {{IEEE} Trans. Signal Process.},
  Month = {Jan.},
  Number = {1},
  Pages = {187--200},
  Publisher = {IEEE},
  Title = {An affine scaling methodology for best basis selection},
  Volume = {47},
  Year = {1999}}

@inproceedings{chartrand-yin:2008,
  Author = {Chartrand, Rick and Yin, Wotao},
  Booktitle = {{IEEE} Int. Conference on Acoustics, Speech and Signal Processing {(ICASSP)}},
  Date-Added = {2015-04-29 11:19:56 +0000},
  Date-Modified = {2016-03-22 10:43:59 +0000},
  Pages = {3869--3872},
  Title = {Iteratively reweighted algorithms for compressive sensing},
  Year = {2008}}

@article{chang-etal:2013,
  Author = {Chang, Wei-Tang and Ahlfors, Seppo P and Lin, Fa-Hsuan},
  Date-Added = {2015-04-27 12:31:17 +0000},
  Date-Modified = {2015-08-19 11:17:20 +0000},
  Journal = {Hum. Brain Mapp.},
  Month = {Dec.},
  Number = {9},
  Pages = {2190--2201},
  Title = {Sparse current source estimation for {MEG} using loose orientation constraints},
  Volume = {34},
  Year = {2013}}

@inproceedings{Ou-etal:2007,
  Author = {Ou, Wanmei and Golland, Polina and H{\"a}m{\"a}l{\"a}inen, Matti},
  Booktitle = {Medical Image Computing and Computer-Assisted Intervention {(MICCAI)}},
  Date-Added = {2014-10-16 14:33:35 +0200},
  Date-Modified = {2015-12-15 10:24:02 +0000},
  Pages = {751--759},
  Title = {Sources of variability in {MEG}},
  Year = {2007}}

@article{Sorrentino-etal:2009,
  Author = {Sorrentino, Alberto and Parkkonen, Lauri and Pascarella, Annalisa and Campi, Cristina and Piana, Michele},
  Date-Added = {2014-10-15 15:57:02 +0200},
  Date-Modified = {2015-08-19 11:17:49 +0000},
  Journal = {Hum. Brain Mapp.},
  Month = {June},
  Number = {6},
  Pages = {1911--1921},
  Publisher = {Wiley Online Library},
  Title = {Dynamical {MEG} source modeling with multi-target Bayesian filtering},
  Volume = {30},
  Year = {2009}}

@article{Lucka-etal:2012,
  Author = {Lucka, Felix and Pursiainen, Sampsa and Burger, Martin and Wolters, Carsten},
  Date-Added = {2014-10-15 15:49:13 +0200},
  Date-Modified = {2015-08-19 11:10:59 +0000},
  Journal = {NeuroImage},
  Month = {Apr.},
  Number = {4},
  Pages = {1364--1382},
  Title = {Hierarchical Bayesian inference for the {EEG} inverse problem using realistic {FE} head models: Depth localization and source separation for focal primary currents},
  Volume = {61},
  Year = {2012}}


@article{Lu16,
  author={Felix Lucka},
  title="{Fast Gibbs sampling for high-dimensional Bayesian inversion}",
  journal={Inverse Problems},
  volume={32},
  number={11},
  pages={115019},
  year={2016},
}
  url={http://stacks.iop.org/0266-5611/32/i=11/a=115019},



@PhdThesis{Lu14,
  author       = {Lucka, F.},
  title        = {Bayesian Inversion in Biomedical Imaging},
  school       = {University of Muenster},
  month        = {december},
  year         = {2014},
  keywords     = {Bayesian inference; biomedical imaging; inverse problems; sparsity; compressed sensing; image deblurring; computed tomography; electroencephalography; magnetoencephalography; source reconstruction; l1; total variation; Besov space; Cauchy prior; Stu},
}


@article{Lu12,
  author="Lucka, F.",
  title= "{Fast Markov chain Monte Carlo sampling for sparse Bayesian inference in high-dimensional inverse problems using L1-type priors}",
  journal= "Inverse Problems",
  volume= "28",
  number= "12",
  pages= "125012",
  year= "2012",
}
  url={http://stacks.iop.org/0266-5611/28/i=12/a=125012},


@article{aine-etal:2012,
  Author = {Aine, C. J. and Sanfratello, L and Ranken, Douglas and Best, Elaine and MacArthur, J. A. and Wallace, T and Gilliam, K and Donahue, C. H. and Monta{\~n}o, R and Bryant, J. E. and Scott, A. and Stephen, J. M.},
  Date-Added = {2014-07-17 10:20:20 +0200},
  Date-Modified = {2014-07-17 10:20:31 +0200},
  Journal = {Neuroinformatics},
  Month = {Apr.},
  Number = {2},
  Pages = {141-158},
  Publisher = {Springer},
  Title = {{MEG-SIM}: a web portal for testing {MEG} analysis methods using realistic simulated and empirical data},
  Volume = {10},
  Year = {2012}}

@article{Beck09Fista,
  Author = {A. Beck and M. Teboulle},
  Journal = {SIAM J. on Imaging Sci.},
  Month = {Jan.},
  Number = {1},
  Pages = {183-202},
  Title = {A Fast Iterative Shrinkage-Thresholding Algorithm for Linear Inverse Problems},
  Volume = {2},
  Year = {2009}}

@article{Dale:1993,
  Author = {A. Dale and M. Sereno},
  Date-Modified = {2015-08-19 11:20:19 +0000},
  Journal = {J. Cognitive Neurosci.},
  Month = {Spring},
  Number = {2},
  Pages = {162-176},
  Title = {Improved localization of cortical activity by combining {EEG} and {MEG} with {MRI} cortical surface reconstruction: a linear approach},
  Volume = {5},
  Year = {1993}}

@article{Dale-etal:2000,
  Author = {Anders M. Dale and Arthur K. Liu and Bruce R. Fischl and Randy L. Buckner and John W. Belliveau and Jeffrey D. Lewine and Eric Halgren},
  Date-Modified = {2015-08-19 11:13:04 +0000},
  Journal = {Neuron},
  Month = {Apr.},
  Number = {1},
  Pages = {55-67},
  Title = {Dynamic Statistical Parametric Mapping: Combining {fMRI} and {MEG} for High-Resolution Imaging of Cortical Activity},
  Volume = {26},
  Year = {2000},
  Bdsk-Url-1 = {http://dx.doi.org/10.1016/S0896-6273(00)81138-1}}

@article{engemann-etal:14,
  Author = {D. A. Engemann and A. Gramfort},
  Date-Modified = {2015-08-19 11:29:01 +0000},
  Journal = {NeuroImage},
  Month = {Mar.},
  Pages = {328-342},
  Title = {Automated model selection in covariance estimation and spatial whitening of {MEG} and {EEG} signals},
  Volume = {108},
  Year = {2015}}

@article{friedman-etal:2010,
  Author = {Friedman, Jerome and Hastie, Trevor and Tibshirani, Rob},
  Date-Added = {2014-08-14 14:55:35 +0200},
  Date-Modified = {2015-08-19 11:24:53 +0000},
  Journal = {J. Stat. Softw.},
  Month = {Feb.},
  Number = {1},
  Pages = {1-22},
  Title = {Regularization paths for generalized linear models via coordinate descent},
  Volume = {33},
  Year = {2010}}

@article{Gasso,
  Author = {Gasso, G. and Rakotomamonjy, A. and Canu, S.},
  Date-Modified = {2015-11-19 12:35:43 +0000},
  Journal = {{IEEE} Trans. Signal Process.},
  Month = {Dec.},
  Number = {12},
  Pages = {4686-4698},
  Title = {Recovering Sparse Signals With a Certain Family of Nonconvex Penalties and {DC} Programming},
  Volume = {57},
  Year = {2009},
  Bdsk-Url-1 = {http://dx.doi.org/10.1109/TSP.2009.2026004}}

@article{gramfort-etal:2012,
  Author = {Gramfort, Alexandre and Kowalski, Matthieu and H{\"a}m{\"a}l{\"a}inen, Matti S.},
  Doi = {10.1088/0031-9155/57/7/1937},
  Journal = {Phys. Med. Biol.},
  Month = {Apr.},
  Number = {7},
  Pages = {1937-1961},
  Publisher = {IOP Science},
  Title = {Mixed-norm estimates for the {M/EEG} inverse problem using accelerated gradient methods.},
  Volume = {57},
  Year = {2012},
  Bdsk-Url-1 = {http://dx.doi.org/10.1088/0031-9155/57/7/1937}}

@article{mne-python,
  Author = {Gramfort, Alexandre and Luessi, Martin and Larson, Eric and Engemann, Denis A and Strohmeier, Daniel and Brodbeck, Christian and Goj, Roman and Jas, Mainak and Brooks, Teon and Parkkonen, Lauri and H{\"a}m{\"a}l{\"a}inen, Matti S.},
  Doi = {10.3389/fnins.2013.00267},
  Journal = {Frontiers in Neurosci.},
  Month = {Dec.},
  Number = {267},
  Title = {{MEG} and {EEG} data analysis with {MNE-Python}},
  Volume = {7},
  Year = {2013},
  Bdsk-Url-1 = {http://dx.doi.org/10.3389/fnins.2013.00267}}

@article{mne,
  Author = {Gramfort, Alexandre and Luessi, Martin and Larson, Eric and Engemann, Denis A. and Strohmeier, Daniel and Brodbeck, Christian and Parkkonen, Lauri and H{\"a}m{\"a}l{\"a}inen, Matti S.},
  Doi = {http://dx.doi.org/10.1016/j.neuroimage.2013.10.027},
  Journal = {NeuroImage},
  Month = {Feb.},
  Pages = {446-460},
  Title = {{MNE} software for processing {MEG} and {EEG} data},
  Volume = {86},
  Year = {2014},
  Bdsk-Url-1 = {http://dx.doi.org/10.1016/j.neuroimage.2013.10.027}}

@article{haufe-etal:2008,
  Author = {Haufe, Stefan and Nikulin, Vadim V and Ziehe, Andreas and M{\"u}ller, Klaus-Robert and Nolte, Guido},
  Date-Added = {2014-08-14 14:53:09 +0200},
  Date-Modified = {2014-08-14 14:53:21 +0200},
  Journal = {NeuroImage},
  Month = {Aug.},
  Number = {2},
  Pages = {726-738},
  Publisher = {Academic Press},
  Title = {Combining sparsity and rotational invariance in {EEG/MEG} source reconstruction},
  Volume = {42},
  Year = {2008}}

@article{Lin-etal:2006,
  Author = {Lin, Fa-Hsuan and Belliveau, John W. and Dale, Anders M. and H\"{a}m\"{a}l\"{a}inen, Matti S.},
  Journal = {Hum. Brain Mapp.},
  Month = {Jan.},
  Number = {1},
  Pages = {1-13},
  Title = {{Distributed current estimates using cortical orientation constraints}},
  Volume = {27},
  Year = {2006}}

@article{Matsuura-Okabe:1995,
  Author = {Matsuura, K. and Okabe, Y.},
  Date-Modified = {2016-03-09 13:48:13 +0000},
  Issn = {0018-9294},
  Journal = {{IEEE} Trans. Biomed. Eng.},
  Keywords = {meg},
  Month = {June},
  Number = {6},
  Pages = {608-615},
  Priority = {2},
  Title = {Selective minimum-norm solution of the biomagnetic inverse problem},
  Volume = {42},
  Year = {1995}}

@article{Ou-etal:2009,
  Author = {W. Ou and M. S. H{\"a}mal{\"a}inen and P. Golland},
  Journal = {NeuroImage},
  Month = {Feb.},
  Number = {3},
  Pages = {932-946},
  Title = {A Distributed Spatio-Temporal {EEG}/{MEG} Inverse Solver},
  Volume = {44},
  Year = {2009}}

@article{BCD_MMV,
  Author = {Qin, Zhiwei and Scheinberg, Katya and Goldfarb, Donald},
  Doi = {10.1007/s12532-013-0051-x},
  Issn = {1867-2949},
  Journal = {Math. Program. Comput.},
  Month = {June},
  Number = {2},
  Pages = {143-169},
  Publisher = {Springer},
  Title = {Efficient block-coordinate descent algorithms for the group lasso},
  Volume = {5},
  Year = {2013},
  Bdsk-Url-1 = {http://dx.doi.org/10.1007/s12532-013-0051-x}}

@article{Rakotomamonjy,
  Author = {A. Rakotomamonjy},
  Issn = {0165-1684},
  Journal = {Signal Process.},
  Month = {July},
  Number = {7},
  Pages = {1505-1526},
  Title = {Surveying and comparing simultaneous sparse approximation (or group-lasso) algorithms},
  Volume = {91},
  Year = {2011}}

@book{rockafellar:1997,
  Address = {Princeton},
  Author = {Rockafellar, R Tyrrell},
  Date-Added = {2014-08-14 14:51:59 +0200},
  Date-Modified = {2016-03-22 10:21:30 +0000},
  Publisher = {Princeton University Press},
  Title = {Convex analysis},
  Year = {1997}}

@inproceedings{roth-etal:08,
  Author = {Roth, V. and Fischer, B.},
  Booktitle = {25th Int. Conference on Machine learning {(ICML)}},
  Date-Modified = {2016-03-22 10:43:33 +0000},
  Pages = {848-855},
  Title = {The Group-Lasso for generalized linear models: uniqueness of solutions and efficient algorithms},
  Year = {2008}}

@article{scherg-etal:85,
  Author = {Scherg, M. and Von Cramon, D.},
  Date-Modified = {2015-08-19 11:16:04 +0000},
  Journal = {Electroencephalogr. Clin. Neurophysiol.},
  Month = {Jan.},
  Number = {1},
  Pages = {32-44},
  Title = {Two bilateral sources of the late {AEP} as identified by a spatio-temporal dipole model},
  Volume = {62},
  Year = {1985}}

@article{Tibshirani:1994,
  Author = {Robert Tibshirani},
  Date-Modified = {2016-03-22 10:16:55 +0000},
  Journal = {J. Royal Stat. Soc. B},
  Month = {Jan.},
  Number = {1},
  Pages = {267-288},
  Title = {{Regression Shrinkage and Selection Via the Lasso}},
  Volume = {58},
  Year = {1996}}

@article{tseng,
  Affiliation = {Department of Mathematics, University of Washington, Seattle, WA 98195, USA},
  Author = {Tseng, P.},
  Issn = {0025-5610},
  Issue = {2},
  Journal = {Math. Program.},
  Keyword = {Mathematics and Statistics},
  Month = {Oct.},
  Pages = {263-295},
  Publisher = {Springer Berlin / Heidelberg},
  Title = {Approximation accuracy, gradient methods, and error bound for structured convex optimization},
  Volume = {125},
  Year = {2010}}

@article{Uutela-etal:1999,
  Author = {K. Uutela and M. S. H{\"a}m{\"a}l{\"a}inen and E. Somersalo},
  Doi = {http://dx.doi.org/10.1006/nimg.1999.0454},
  Issn = {1053-8119},
  Journal = {NeuroImage},
  Month = {Aug.},
  Number = {2},
  Owner = {Daniel Strohmeier},
  Pages = {173-180},
  Timestamp = {2014.09.29},
  Title = {Visualization of Magnetoencephalographic Data Using Minimum Current Estimates},
  Volume = {10},
  Year = {1999},
  Bdsk-Url-1 = {http://dx.doi.org/10.1006/nimg.1999.0454}}

@article{wei-etal:2012,
  Author = {Wei, Xiaohan and Yuan, Yabo and Ling, Qing},
  Date-Added = {2014-08-14 14:56:47 +0200},
  Date-Modified = {2015-11-19 12:36:34 +0000},
  Journal = {{IEEE} Trans. Signal Process.},
  Month = {Dec.},
  Number = {12},
  Pages = {6382-6394},
  Publisher = {IEEE},
  Title = {{DOA} estimation using a greedy block coordinate descent algorithm},
  Volume = {60},
  Year = {2012}}

@article{Weisend-etal:2007,
  Author = {M.P. Weisend and F.M. Hanlon and R. Monta{\~n}o and S.P. Ahlfors and A.C. Leuthold and D. Pantazis and J.C. Mosher and A.P. Georgopoulos and M. S. H{\"a}m{\"a}l{\"a}inen and C.J. Aine},
  Date-Modified = {2015-08-19 11:19:50 +0000},
  Journal = {Intern. Congress Series},
  Month = {Aug.},
  Pages = {615--618},
  Title = {Paving the way for cross-site pooling of magnetoencephalography {(MEG)} data},
  Volume = {1300},
  Year = {2007},
  Bdsk-Url-1 = {http://dx.doi.org/10.1016/j.ics.2006.12.095}}

@article{Wipf-Nagarajan:2009,
  Author = {D. Wipf and S. Nagarajan},
  Date-Modified = {2014-10-15 16:03:46 +0200},
  Journal = {NeuroImage},
  Month = {Feb.},
  Number = {3},
  Pages = {947-966},
  Title = {A unified Bayesian framework for {MEG/EEG} source imaging},
  Volume = {44},
  Year = {2009}}

@article{Yuan06GroupLasso,
  Author = {Yuan, M. and Lin, Y.},
  Date-Modified = {2015-08-19 11:23:24 +0000},
  Journal = {J. Royal Stat. Soc. B},
  Month = {Feb.},
  Number = {1},
  Pages = {49-67},
  Title = {Model selection and estimation in regression with grouped variables},
  Volume = {68},
  Year = {2006},
  Bdsk-Url-1 = {http://dx.doi.org/10.1111/j.1467-9868.2005.00532.x}}

@book{Boyd_Vandenberghe04,
  Address = {Cambridge},
  Author = {S. Boyd and L. Vandenberghe},
  File = {Boyd_Vandenberghe04.pdf:Livres/Convex/Boyd_Vandenberghe04.pdf:PDF},
  Pages = {xiv+716},
  Publisher = {Cambridge University Press},
  Title = {Convex optimization},
  Year = {2004}}


@article{Zou06,
  title={The adaptive lasso and its oracle properties},
  author={H. Zou},
  journal=JASA,
  volume={101},
  number={476},
  pages={1418--1429},
  year={2006},
  publisher={Taylor \& Francis}
}

@article{schifano2010majorization,
  title={Majorization-minimization algorithms for nonsmoothly penalized objective functions},
  author={Schifano, Elizabeth D and Strawderman, Robert L and Wells, Martin T and others},
  journal=EJS,
  volume={4},
  pages={1258--1299},
  year={2010},
  publisher={The Institute of Mathematical Statistics and the Bernoulli Society}
}

@article{chartrand2007exact,
  title={Exact reconstruction of sparse signals via nonconvex minimization},
  author={Chartrand, Rick},
  journal={IEEE Signal Process. Lett.},
  volume={14},
  number={10},
  pages={707--710},
  year={2007},
  publisher={IEEE}
}

@inproceedings{saab2008stable,
  title={Stable sparse approximations via nonconvex optimization},
  author={Saab, Rayan and Chartrand, Rick and Yilmaz, Ozgur},
  booktitle={Proceedings of the {IEEE} International Conference on Acoustics, Speech, and Signal Processing},
  pages={3885--3888},
  year={2008},
  organization={IEEE}
}
 booktitle={Acoustics, Speech and Signal Processing, 2008. ICASSP 2008. IEEE International Conference on},


@article{chang2013sparse,
  title={Sparse current source estimation for MEG using loose orientation constraints},
  author={Chang, Wei-Tang and Ahlfors, Seppo P and Lin, Fa-Hsuan},
  journal={Human brain mapping},
  volume={34},
  number={9},
  pages={2190--2201},
  year={2013},
  publisher={Wiley Online Library}
}

@article{candes2008introduction,
  author = {Cand{\`e}s, E.J. and Wakin, M.B.},
  issn = {1053-5888},
  journal = {IEEE Signal Process. Mag.},
  keywords = {},
  number = 2,
  pages = {21--30},
  title = {{An introduction to compressive sampling}},
  volume = 25,
  year = 2008
}

@article{lange2000optimization,
    abstract = {{The well-known EM algorithm is an optimization transfer algorithm that depends on the notion of incomplete or missing data. By invoking convexity arguments, one can construct a variety of other optimization transfer algorithms that do not involve missing data. These algorithms all rely on a majorizing or minorizing function that serves as a surrogate for the objective function. Optimizing the surrogate function drives the objective function in the correct direction. This article illustrates this general principle by a number of specific examples drawn from the statistical literature. Because optimization transfer algorithms often exhibit the slow convergence of EM algorithms, two methods of accelerating optimization transfer are discussed and evaluated in the context of specific problems.}},
    author = {Lange, Kenneth and Hunter, David R. and Yang, Ilsoon},
    journal = {J. Comput. Graph. Statist.},
    number = {1},
    priority = {2},
    publisher = {American Statistical Association, Institute of Mathematical Statistics, and Interface Foundation of America},
    title = {{Optimization Transfer Using Surrogate Objective Functions}},
    volume = {9},
    year = {2000}
}

@incollection{Combettes2011,
    address = {New York},
    author = {Combettes, Patrick L. and Pesquet, Jean-Christophe},
    booktitle = {Fixed-Point Algorithms for Inverse Problems in Science and Engineering},
    keywords = {sd1},
    pages = {185--212},
    priority = {2},
    publisher = {Springer},
    title = {{Proximal Splitting Methods in Signal Processing}},
    year = {2011}
}

@ARTICLE{Dempster77maximumlikelihood,
    author = {A. P. Dempster and N. M. Laird and D. B. Rubin},
    title = {Maximum likelihood from incomplete data via the EM algorithm},
    journal = JRSSB,
    year = {1977},
    volume = {39},
    number = {1},
    pages = {1--38}
}


@article{Horst:1999,
 author = {Horst, R. and Thoai, N. V.},
 title = {DC Programming: Overview},
 journal = {J. Optim. Theory Appl.},
 volume = {103},
 number = {1},
 month = oct,
 year = {1999},
 issn = {0022-3239},
 pages = {1--43},
 numpages = {43},
 doi = {10.1023/A:1021765131316},
 acmid = {334099},
 publisher = {Plenum Press},
 address = {New York, NY, USA},
 keywords = {DC functions, DC programming, global optimization, nonconvex programming, optimality conditions},
}

@article{strohmeier-etal:16,
 author = {Strohmeier, D. and Bekhti, Y. and Haueisen, J. and Gramfort, A.},
 doi = {10.1109/TMI.2016.2553445},
 issn = {0278-0062},
 journal = {IEEE Trans. Med. Imag.},
 link = {http://ieeexplore.ieee.org/document/7452415/},
 month = {Oct},
 number = {10},
 pages = {2218-2228},
 pdf = {https://arxiv.org/pdf/1607.08458.pdf},
 title = {The Iterative Reweighted Mixed-Norm Estimate for Spatio-Temporal MEG/EEG Source Reconstruction},
 volume = {35},
 year = {2016}
}


@InProceedings{Ndiaye_Fercoq_Gramfort_Salmon15,
   author = {E. Ndiaye and O. Fercoq and A. Gramfort and J. Salmon},
   title = {{GAP} Safe screening rules for sparse multi-task and multi-class models},
   year = {2015},
   booktitle = {NIPS},
   pages = {811-819},
}

@article{Fuchs20041442,
title = "Confidence limits of dipole source reconstruction results ",
journal = "Clinical Neurophysiology ",
volume = "115",
number = "6",
pages = "1442 - 1451",
year = "2004",
note = "",
issn = "1388-2457",
doi = "http://doi.org/10.1016/j.clinph.2004.01.019",
author = "Manfred Fuchs and Michael Wagner and Jörn Kastner",
keywords = "Equivalent current dipoles",
}

@article{Darvas2005355,
title = "Investigations of dipole localization accuracy in \{MEG\} using the bootstrap ",
journal = "NeuroImage ",
volume = "25",
number = "2",
pages = "355 - 368",
year = "2005",
note = "",
issn = "1053-8119",
doi = "http://doi.org/10.1016/j.neuroimage.2004.09.045",
author = "F. Darvas and M. Rautiainen and D. Pantazis and S. Baillet and H. Benali and J.C. Mosher and L. Garnero and R.M. Leahy",
keywords = "Bootstrap",
}

@ARTICLE{Bickel_Ritov_Tsybakov09,
  author = {P. J. Bickel and Y. Ritov and A. B. Tsybakov},
  title = {Simultaneous analysis of {Lasso} and {D}antzig selector},
  journal = AOS,
  year = {2009},
  volume = {37},
  pages = {1705--1732},
  number = {4},
}

@ARTICLE{Chen_Donoho_Saunders98,
  author = {S. S. Chen and D. L. Donoho and M. A. Saunders},
  title = {Atomic decomposition by basis pursuit},
  journal = {SIAM J. Sci. Comput.},
  year = {1998},
  volume = {20},
  pages = {33--61},
  number = {1},
  fjournal = {SIAM Journal on Scientific Computing},
}

@article{Park_Casella08,
  title={The {Bayesian} lasso},
  author={T. Park and G. Casella},
  journal=JASA,
  volume={103},
  number={482},
  pages={681--686},
  year={2008},
  publisher={Taylor \& Francis}
}

@ARTICLE{Stadler_Buhlmann_vandeGeer10,
  author = {N. St{\"a}dler and P. B{\"u}hlmann and S. {van de Geer}},
  title = {{$\ell_1$}-penalization for mixture regression models},
  journal = {TEST},
  year = {2010},
  volume = {19},
  pages = {209--256},
  number = {2},
  fjournal = {TEST}
}

@article{Dalalyan12,
  title={{SOCP} based variance free {Dantzig} selector with application to robust estimation},
  author={A. S. Dalalyan},
  journal={Comptes Rendus Mathematique},
  volume={350},
  number={15-16},
  pages={785--788},
  year={2012},
  publisher={Elsevier}
}

@article{Kyung_Gill_Ghosh_Casella10,
  title={Penalized regression, standard errors, and Bayesian lassos},
  author={M. Kyung and J. Gill and M. Ghosh and G. Casella },
  journal={Bayesian Analysis},
  volume={5},
  number={2},
  pages={369--411},
  year={2010},
}

@article{tipping2001sparse,
  title={Sparse Bayesian learning and the relevance vector machine},
  author={Tipping, Michael E},
  journal=JMLR,
  volume={1},
  number={Jun},
  pages={211--244},
  year={2001}
}

@article{shervashidze2015learning,
  title={Learning the structure for structured sparsity},
  author={Shervashidze, Nino and Bach, Francis},
  journal=IEEE_J_TSP,
  volume={63},
  number={18},
  pages={4894--4902},
  year={2015},
  publisher={IEEE}
}

@book{mackay2003information,
  title={Information theory, inference and learning algorithms},
  author={MacKay, David JC},
  year={2003},
  publisher={Cambridge university press}
}

@article{jordan1999introduction,
  title={An introduction to variational methods for graphical models},
  author={Jordan, Michael I and Ghahramani, Zoubin and Jaakkola, Tommi S and Saul, Lawrence K},
  journal={Machine learning},
  volume={37},
  number={2},
  pages={183--233},
  year={1999},
  publisher={Springer}
}

@article{wipf2004sparse,
  title={Sparse Bayesian learning for basis selection},
  author={Wipf, David P and Rao, Bhaskar D},
  journal=IEEE_J_TSP,
  volume={52},
  number={8},
  pages={2153--2164},
  year={2004},
  publisher={IEEE}
}

@article{szabo2015frequentist,
  title={Frequentist coverage of adaptive nonparametric Bayesian credible sets},
  author={Szab{\'o}, Botond and van der Vaart, AW and van Zanten, JH and others},
  journal={Ann. Statist.},
  volume={43},
  number={4},
  pages={1391--1428},
  year={2015},
  publisher={Institute of Mathematical Statistics}
}

@article{sato2004hierarchical,
  title={Hierarchical Bayesian estimation for MEG inverse problem},
  author={Sato, Masa-aki and Yoshioka, Taku and Kajihara, Shigeki and Toyama, Keisuke and Goda, Naokazu and Doya, Kenji and Kawato, Mitsuo},
  journal={NeuroImage},
  volume={23},
  number={3},
  pages={806--826},
  year={2004},
  publisher={Elsevier}
}

@article{schmidt1999bayesian,
  title={Bayesian inference applied to the electromagnetic inverse problem},
  author={Schmidt, David M and George, John S and Wood, Chris C},
  journal={Humain Brain Mapping},
  volume={7},
  number={3},
  pages={195--212},
  year={1999}
}

@article{gross2003properties,
  title={Properties of MEG tomographic maps obtained with spatial filtering},
  author={Gro{\ss}, Joachim and Timmermann, L and Kujala, J and Salmelin, R and Schnitzler, A},
  journal={NeuroImage},
  volume={19},
  number={4},
  pages={1329--1336},
  year={2003},
  publisher={Elsevier}
}


@article{h1994,
  title={Interpreting magnetic fields of the brain: minimum norm estimates},
  author={H{\"a}m{\"a}l{\"a}inen, Matti S and Ilmoniemi, Risto J},
  journal={Medical \& biological engineering \& computing},
  volume={32},
  number={1},
  pages={35--42},
  year={1994},
  publisher={Springer}
}

@inproceedings{denis,
  title={Mind the noise covariance when localizing brain sources with M/EEG},
  author={Engemann, Denis and Strohmeier, Daniel and Larson, Eric and Gramfort, Alexandre},
  booktitle={Pattern Recognition in NeuroImaging (PRNI), 2015 International Workshop on},
  pages={9--12},
  year={2015},
  organization={IEEE}
}

@article{candes2008enhancing,
  title={Enhancing sparsity by reweighted $l_1$ minimization},
  author={Candes, Emmanuel J and Wakin, Michael B and Boyd, Stephen P},
  journal={Journal of Fourier analysis and applications},
  volume={14},
  number={5-6},
  pages={877--905},
  year={2008},
  publisher={Springer}
}

@article{daubechies2010iteratively,
  title={Iteratively reweighted least squares minimization for sparse recovery},
  author={Daubechies et al., Ingrid},
  journal={Comm. Pure Appl. Math.},
  volume={63},
  number={1},
  pages={1--38},
  year={2010},
  publisher={Wiley Online Library}
}

@article{friedman2010regularization,
  title={Regularization paths for generalized linear models via coordinate descent},
  author={Friedman, Jerome and Hastie, Trevor and Tibshirani, Rob},
  journal={Journal of statistical software},
  volume={33},
  number={1},
  pages={1},
  year={2010},
  publisher={NIH Public Access}
}

@article{friston2008multiple,
  title={Multiple sparse priors for the {M/EEG} inverse problem},
  author={Friston et al., Karl},
  journal={NeuroImage},
  volume={39},
  number={3},
  pages={1104--1120},
  year={2008},
  publisher={Elsevier}
}

@incollection{sekihara2015unified,
  title={A Unified {Bayesian} Framework for {MEG/EEG} Source Imaging},
  author={Sekihara, Kensuke and Nagarajan, Srikantan S},
  booktitle={Electromagnetic Brain Imaging},
  pages={119--137},
  year={2015},
  publisher={Springer}
}

@article{dale2000dynamic,
  title={Dynamic statistical parametric mapping: combining fMRI and MEG for high-resolution imaging of cortical activity},
  author={Dale, Anders M and Liu, Arthur K and Fischl, Bruce R and Buckner, Randy L and Belliveau, John W and Lewine, Jeffrey D and Halgren, Eric},
  journal={Neuron},
  volume={26},
  number={1},
  pages={55--67},
  year={2000},
  publisher={Elsevier}
}

@inproceedings{strohmeier2014iterative,
  title={Improved {MEG/EEG} source localization with reweighted mixed-norms},
  author={Strohmeier, Daniel and Haueisen, Jens and Gramfort, Alexandre},
  booktitle={PRNI, 2014 International Workshop on},
  pages={1--4},
  year={2014},
  organization={IEEE}
}

@article{haufe2008combining,
  title={Combining sparsity and rotational invariance in {EEG/MEG} source reconstruction},
  author={Haufe, Stefan and Nikulin, Vadim V and Ziehe, Andreas and M{\"u}ller, Klaus-Robert and Nolte, Guido},
  journal={NeuroImage},
  volume={42},
  number={2},
  pages={726--738},
  year={2008},
  publisher={Elsevier}
}

@article{bolstad2009space,
  title={Space--time event sparse penalization for magneto-/electroencephalography},
  author={Bolstad, Andrew and Van Veen, Barry and Nowak, Robert},
  journal={NeuroImage},
  volume={46},
  number={4},
  pages={1066--1081},
  year={2009},
  publisher={Elsevier}
}

@article{montoya2014regularized,
  title={A regularized matrix factorization approach to induce structured sparse-low-rank solutions in the {EEG} inverse problem},
  author={Montoya-Mart{\'\i}nez, Jair and Art{\'e}s-Rodr{\'\i}guez, Antonio and Pontil, Massimiliano and Hansen, Lars Kai},
  journal={EURASIP Journal on Advances in Signal Processing},
  volume={2014},
  number={1},
  pages={1--13},
  year={2014},
  publisher={Springer}
}

@inproceedings{weisend2007paving,
  title={Paving the way for cross-site pooling of magnetoencephalography (MEG) data},
  author={Weisend, MP and Hanlon, FM and Montano, R and Ahlfors, SP and Leuthold, AC and Pantazis, D and Mosher, JC and Georgopoulos, AP and H{\"a}m{\"a}l{\"a}inen, MS and Aine, CJ},
  booktitle={International Congress Series},
  volume={1300},
  pages={615--618},
  year={2007},
  organization={Elsevier}
}

@book{daubechies1992ten,
  title={Ten lectures on wavelets},
  author={Daubechies, Ingrid and others},
  volume={61},
  year={1992},
  publisher={SIAM}
}

@article{gabor1946theory,
  title={Theory of communication. Part 1: The analysis of information},
  author={Gabor, Dennis},
  journal={Electrical Engineers-Part III: Radio and Communication Engineering, Journal of the Institution of},
  volume={93},
  number={26},
  pages={429--441},
  year={1946},
  publisher={IET}
}

@article{sondergaard2012linear,
  title={The linear time frequency analysis toolbox},
  author={S{\o}ndergaard, Peter L and Torr{\'e}sani, Bruno and Balazs, Peter},
  journal={International Journal of Wavelets, Multiresolution and Information Processing},
  volume={10},
  number={04},
  pages={1250032},
  year={2012},
  publisher={World Scientific}
}

@article{engemann2015automated,
  title={Automated model selection in covariance estimation and spatial whitening of MEG and EEG signals},
  author={Engemann, Denis A and Gramfort, Alexandre},
  journal={NeuroImage},
  volume={108},
  pages={328--342},
  year={2015},
  publisher={Elsevier}
}

@book{legendre1805nouvelles,
  title={Nouvelles m{\'e}thodes pour la d{\'e}termination des orbites des com{\`e}tes},
  author={Legendre, Adrien Marie},
  number={1},
  year={1805},
  publisher={F. Didot}
}

@book{tikhonov1977solutions,
  title={Solutions of ill-posed problems},
  author={Tikhonov, Andre Nikolaevich and Arsenin, Vasili IAkovlevich},
  year={1977},
  publisher={Vh Winston}
}

@article{hoerl1970ridge,
  title={Ridge regression: Biased estimation for nonorthogonal problems},
  author={Hoerl, Arthur E and Kennard, Robert W},
  journal={Technometrics},
  volume={12},
  number={1},
  pages={55--67},
  year={1970},
  publisher={Taylor \& Francis Group}
}

@article{natarajan1995sparse,
  title={Sparse approximate solutions to linear systems},
  author={Natarajan, Balas Kausik},
  journal={SIAM journal on computing},
  volume={24},
  number={2},
  pages={227--234},
  year={1995},
  publisher={SIAM}
}

@article{tibshirani1996regression,
  title={Regression shrinkage and selection via the lasso},
  author={Tibshirani, Robert},
  journal={Journal of the Royal Statistical Society. Series B (Methodological)},
  pages={267--288},
  year={1996},
  publisher={JSTOR}
}

@article{chen2001atomic,
  title={Atomic decomposition by basis pursuit},
  author={Chen, Scott Shaobing and Donoho, David L and Saunders, Michael A},
  journal={SIAM review},
  volume={43},
  number={1},
  pages={129--159},
  year={2001},
  publisher={SIAM}
}

@article{yuan2006model,
  title={Model selection and estimation in regression with grouped variables},
  author={Yuan, Ming and Lin, Yi},
  journal={Journal of the Royal Statistical Society: Series B (Statistical Methodology)},
  volume={68},
  number={1},
  pages={49--67},
  year={2006},
  publisher={Wiley Online Library}
}

@article{van1997localization,
  title={Localization of brain electrical activity via linearly constrained minimum variance spatial filtering},
  author={Van Veen, Barry D and Van Drongelen, Wim and Yuchtman, Moshe and Suzuki, Akifumi},
  journal={Biomedical Engineering, IEEE Transactions on},
  volume={44},
  number={9},
  pages={867--880},
  year={1997},
  publisher={IEEE}
}

@article{vrba2001signal,
  title={Signal processing in magnetoencephalography},
  author={Vrba, Jiri and Robinson, Stephen E},
  journal={Methods},
  volume={25},
  number={2},
  pages={249--271},
  year={2001},
  publisher={Elsevier}
}

@article{gross2001dynamic,
  title={Dynamic imaging of coherent sources: studying neural interactions in the human brain},
  author={Gro{\ss}, Joachim and Kujala, Jan and H{\"a}m{\"a}l{\"a}inen, Matti and Timmermann, Lars and Schnitzler, Alfons and Salmelin, Riitta},
  journal={Proceedings of the National Academy of Sciences},
  volume={98},
  number={2},
  pages={694--699},
  year={2001},
  publisher={National Acad Sciences}
}

@article{mosher1992multiple,
  title={Multiple dipole modeling and localization from spatio-temporal MEG data},
  author={Mosher, John C and Lewis, Paul S and Leahy, Richard M},
  journal={Biomedical Engineering, IEEE Transactions on},
  volume={39},
  number={6},
  pages={541--557},
  year={1992},
  publisher={IEEE}
}

@inproceedings{mosher1997source,
  title={Source localization using recursively applied and projected (RAP) MUSIC},
  author={Mosher, John C and Leahy, Richard M},
  booktitle={Signals, Systems \&amp; Computers, 1997. Conference Record of the Thirty-First Asilomar Conference on},
  volume={2},
  pages={1302--1306},
  year={1997},
  organization={IEEE}
}

@article{mosher1999source,
  title={Source localization using recursively applied and projected (RAP) MUSIC},
  author={Mosher, John C and Leahy, Richard M},
  journal={Signal Processing, IEEE Transactions on},
  volume={47},
  number={2},
  pages={332--340},
  year={1999},
  publisher={IEEE}
}

@article{mallat1993matching,
  title={Matching pursuits with time-frequency dictionaries},
  author={Mallat, St{\'e}phane G and Zhang, Zhifeng},
  journal={Signal Processing, IEEE Transactions on},
  volume={41},
  number={12},
  pages={3397--3415},
  year={1993},
  publisher={IEEE}
}

@article{hamalainen1994interpreting,
  title={Interpreting magnetic fields of the brain: minimum norm estimates},
  author={H{\"a}m{\"a}l{\"a}inen, Matti S and Ilmoniemi, Risto J},
  journal={Medical \& biological engineering \& computing},
  volume={32},
  number={1},
  pages={35--42},
  year={1994},
  publisher={Springer}
}

@article{lin2006assessing,
  title={Assessing and improving the spatial accuracy in MEG source localization by depth-weighted minimum-norm estimates},
  author={Lin, Fa-Hsuan and Witzel, Thomas and Ahlfors, Seppo P and Stufflebeam, Steven M and Belliveau, John W and H{\"a}m{\"a}l{\"a}inen, Matti S},
  journal={Neuroimage},
  volume={31},
  number={1},
  pages={160--171},
  year={2006},
  publisher={Elsevier}
}

@article{pascual2002standardized,
  title={Standardized low-resolution brain electromagnetic tomography (sLORETA): technical details},
  author={Pascual-Marqui, Roberto Domingo and others},
  journal={Methods Find Exp Clin Pharmacol},
  volume={24},
  number={Suppl D},
  pages={5--12},
  year={2002}
}

@article{pascual1994low,
  title={Low resolution electromagnetic tomography: a new method for localizing electrical activity in the brain},
  author={Pascual-Marqui, Roberto D and Michel, Christoph M and Lehmann, Dietrich},
  journal={International Journal of psychophysiology},
  volume={18},
  number={1},
  pages={49--65},
  year={1994},
  publisher={Elsevier}
}

@article{gorodnitsky1995neuromagnetic,
  title={Neuromagnetic source imaging with FOCUSS: a recursive weighted minimum norm algorithm},
  author={Gorodnitsky, Irina F and George, John S and Rao, Bhaskar D},
  journal={Electroencephalography and clinical Neurophysiology},
  volume={95},
  number={4},
  pages={231--251},
  year={1995},
  publisher={Elsevier}
}

@article{scherg1985two,
  title={Two bilateral sources of the late AEP as identified by a spatio-temporal dipole model},
  author={Scherg, Michael and Von Cramon, Detlev},
  journal={Electroencephalography and Clinical Neurophysiology/Evoked Potentials Section},
  volume={62},
  number={1},
  pages={32--44},
  year={1985},
  publisher={Elsevier}
}

@article{matsuura1995selective,
  title={Selective minimum-norm solution of the biomagnetic inverse problem},
  author={Matsuura, Kanta and Okabe, Yoichi},
  journal={Biomedical Engineering, IEEE Transactions on},
  volume={42},
  number={6},
  pages={608--615},
  year={1995},
  publisher={IEEE}
}

@book{wipf2006bayesian,
  title={Bayesian methods for finding sparse representations},
  author={Wipf, David Paul},
  year={2006},
  publisher={ProQuest}
}

@article{owen2012performance,
  title={Performance evaluation of the Champagne source reconstruction algorithm on simulated and real M/EEG data},
  author={Owen, Julia P and Wipf, David P and Attias, Hagai T and Sekihara, Kensuke and Nagarajan, Srikantan S},
  journal={NeuroImage},
  volume={60},
  number={1},
  pages={305--323},
  year={2012},
  publisher={Elsevier}
}

@article{zhang2011sparse,
  title={Sparse signal recovery with temporally correlated source vectors using sparse Bayesian learning},
  author={Zhang, Zhilin and Rao, Bhaskar D},
  journal={Selected Topics in Signal Processing, IEEE Journal of},
  volume={5},
  number={5},
  pages={912--926},
  year={2011},
  publisher={IEEE}
}

@inproceedings{zhang2011iterative,
  title={Iterative reweighted algorithms for sparse signal recovery with temporally correlated source vectors},
  author={Zhang, Zhilin and Rao, Bhaskar D},
  booktitle={Acoustics, Speech and Signal Processing (ICASSP), 2011 IEEE International Conference on},
  pages={3932--3935},
  year={2011},
  organization={IEEE}
}

@article{castano2015solving,
  title={Solving the EEG inverse problem based on space--time--frequency structured sparsity constraints},
  author={Casta{\~n}o-Candamil, Sebasti{\'a}n and H{\"o}hne, Johannes and Mart{\'\i}nez-Vargas, Juan-David and An, Xing-Wei and Castellanos-Dom{\'\i}nguez, German and Haufe, Stefan},
  journal={NeuroImage},
  volume={118},
  pages={598--612},
  year={2015},
  publisher={Elsevier}
}

@article{gorodnitsky1997sparse,
  title={Sparse signal reconstruction from limited data using FOCUSS: A re-weighted minimum norm algorithm},
  author={Gorodnitsky, Irina F and Rao, Bhaskar D},
  journal={Signal Processing, IEEE Transactions on},
  volume={45},
  number={3},
  pages={600--616},
  year={1997},
  publisher={IEEE}
}

@article{moreau1965proximite,
  title={Proximit{\'e} et dualit{\'e} dans un espace hilbertien},
  author={Moreau, Jean-Jacques},
  journal={Bulletin de la Soci{\'e}t{\'e} math{\'e}matique de France},
  volume={93},
  pages={273--299},
  year={1965}
}

@article{combettes2005signal,
  title={Signal recovery by proximal forward-backward splitting},
  author={Combettes, Patrick L and Wajs, Val{\'e}rie R},
  journal={Multiscale Modeling \& Simulation},
  volume={4},
  number={4},
  pages={1168--1200},
  year={2005},
  publisher={SIAM}
}

@article{daubechies2004iterative,
  title={An iterative thresholding algorithm for linear inverse problems with a sparsity constraint},
  author={Daubechies, Ingrid and Defrise, Michel and De Mol, Christine},
  journal={Communications on pure and applied mathematics},
  volume={57},
  number={11},
  pages={1413--1457},
  year={2004},
  publisher={Wiley Online Library}
}

@article{rakotomamonjy2011surveying,
  title={Surveying and comparing simultaneous sparse approximation (or group-lasso) algorithms},
  author={Rakotomamonjy, Alain},
  journal={Signal processing},
  volume={91},
  number={7},
  pages={1505--1526},
  year={2011},
  publisher={Elsevier}
}

@article{qin2013efficient,
  title={Efficient block-coordinate descent algorithms for the group lasso},
  author={Qin, Zhiwei and Scheinberg, Katya and Goldfarb, Donald},
  journal={Mathematical Programming Computation},
  volume={5},
  number={2},
  pages={143--169},
  year={2013},
  publisher={Springer}
}

@inproceedings{bekhti2014decoding,
  title={Decoding perceptual thresholds from MEG/EEG},
  author={Bekhti, Yousra and Zilber, Nicolas and Pedregosa, Fabian and Ciuciu, Philippe and Van Wassenhove, Virginie and Gramfort, Alexandre},
  booktitle={Pattern Recognition in Neuroimaging, 2014 International Workshop on},
  pages={1--4},
  year={2014},
  organization={IEEE}
}

@inproceedings{bekhti2016m,
  title={M/EEG source localization with multi-scale time-frequency dictionaries},
  author={Bekhti, Yousra and Strohmeier, Daniel and Jas, Mainak and Badeau, Roland and Gramfort, Alexandre},
  booktitle={6th International Workshop on Pattern Recognition in Neuroimaging (PRNI)},
  year={2016}
}

@inproceedings{Figueiredo,
  title={Maximum-a-posteriori estimation with unknown regularisation parameters},
  author={Pereyra, Marcelo and Bioucas-Dias, Jos{\'e} M and Figueiredo, M{\'a}rio AT},
  booktitle={Proc. EUSIPCO},
  pages={230--234},
  year={2015},
  organization={IEEE}
}

@article{TF-MxNE,
title = {Time-frequency mixed-norm estimates: Sparse {M/EEG} imaging with non-stationary source activations},
journal = "NeuroImage ",
volume = "70",
number = "",
pages = "410 - 422",
year = "2013",
note = "",
issn = "1053-8119",
doi = "http://dx.doi.org/10.1016/j.neuroimage.2012.12.051",
author = "A. Gramfort and D. Strohmeier and J. Haueisen and M.S. Hamalainen and M. Kowalski"
}

@inproceedings{pedregosa2016hyperparameter,
  title={Hyperparameter optimization with approximate gradient},
  author={Pedregosa, Fabian},
  booktitle={Proc. ICML},
  year={2016},
  volume={48}
}

@article{bergstra2012random,
  title={Random search for hyper-parameter optimization},
  author={Bergstra, James and Bengio, Yoshua},
  journal={Journal of Machine Learning Research},
  volume={13},
  month={Feb},
  pages={281--305},
  year={2012}
}

@inproceedings{bergstra2011algorithms,
  title={Algorithms for hyper-parameter optimization},
  author={Bergstra, James S and Bardenet, R{\'e}mi and Bengio, Yoshua and K{\'e}gl, Bal{\'a}zs},
  booktitle={Proc. NIPS},
  pages={2546--2554},
  year={2011}
}

@inproceedings{larsen1996design,
  title={Design and regularization of neural networks: the optimal use of a validation set},
  author={Larsen, Jan and Hansen, Lars Kai and Svarer, Claus and Ohlsson, M},
  booktitle={Proc. Neural Networks for Signal Processing},
  pages={62--71},
  year={1996},
  organization={IEEE}
}

@article{chapelle2002choosing,
  title={Choosing multiple parameters for support vector machines},
  author={Chapelle, Olivier and Vapnik, Vladimir and Bousquet, Olivier and Mukherjee, Sayan},
  journal={Machine learning},
  volume={46},
  number={1-3},
  pages={131--159},
  year={2002},
  publisher={Springer}
}

@inproceedings{foo2008efficient,
  title={Efficient multiple hyperparameter learning for log-linear models},
  author={Foo, Chuan-sheng and Do, Chuong B and Ng, Andrew Y},
  booktitle={Proc. NIPS},
  pages={377--384},
  year={2008}
}

@article{stein1981estimation,
  title={Estimation of the mean of a multivariate normal distribution},
  author={Stein, Charles M},
  journal={The annals of Statistics},
  pages={1135--1151},
  year={1981},
  publisher={JSTOR}
}

@inproceedings{irTF-MxNE,
  title={{MEG/EEG} source imaging with a non-convex penalty in the time-frequency domain},
  author={Strohmeier, Daniel and Gramfort, Alexandre and Haueisen, Jens},
  booktitle={Pattern Recognition in NeuroImaging (PRNI), 2015 International Workshop on},
  pages={21--24},
  year={2015},
  organization={IEEE}
}


@article{luisier2007new,
  title={A new {SURE} approach to image denoising: Interscale orthonormal wavelet thresholding},
  author={Luisier, Florian and Blu, Thierry and Unser, Michael},
  journal={IEEE Trans. on image processing},
  volume={16},
  number={3},
  pages={593--606},
  year={2007},
  publisher={IEEE}
}

@article{guo2015near,
  title={Near optimal compressed sensing without priors: Parametric {SURE} approximate message passing},
  author={Guo, Chunli and Davies, Mike E},
  journal={IEEE Trans. on Signal Processing},
  volume={63},
  number={8},
  pages={2130--2141},
  year={2015},
  publisher={IEEE}
}

@article{wipf2009unified,
  title={A unified {B}ayesian framework for {MEG/EEG} source imaging},
  author={Wipf, David and Nagarajan, Srikantan},
  journal={NeuroImage},
  volume={44},
  number={3},
  pages={947--966},
  year={2009},
  publisher={Elsevier}
}

@article{cotter2005sparse,
  title={Sparse solutions to linear inverse problems with multiple measurement vectors},
  author={Cotter, Shane F and Rao, Bhaskar D and Engan, Kjersti and Kreutz-Delgado, Kenneth},
  journal={IEEE Trans. on Signal Processing},
  volume={53},
  number={7},
  pages={2477--2488},
  year={2005},
  publisher={IEEE}
}

@article{ou2009distributed,
  title={A distributed spatio-temporal \textsc{EEG/MEG} inverse solver},
  author={Ou, Wanmei and H{\"a}m{\"a}l{\"a}inen, Matti S and Golland, Polina},
  journal={NeuroImage},
  volume={44},
  number={3},
  pages={932--946},
  year={2009},
  publisher={Elsevier}
}

@article{gramfort2012mixed,
  title={Mixed-norm estimates for the \textsc{M/EEG} inverse problem using accelerated gradient methods},
  author={Gramfort, Alexandre and Kowalski, Matthieu and H{\"a}m{\"a}l{\"a}inen, Matti},
  journal={Physics in medicine and biology},
  volume={57},
  number={7},
  pages={1937},
  year={2012},
  publisher={IOP Publishing}
}

@article{lucka2012hierarchical,
  title={Hierarchical {B}ayesian inference for the \textsc{EEG} inverse problem using realistic \textsc{FE} head models: depth localization and source separation for focal primary currents},
  author={Lucka, Felix and Pursiainen, Sampsa and Burger, Martin and Wolters, Carsten H},
  journal={Neuroimage},
  volume={61},
  number={4},
  pages={1364--1382},
  year={2012},
  publisher={Elsevier}
}

@article{valdes2009eeg,
  title={{EEG} source imaging with spatio-temporal tomographic nonnegative independent component analysis},
  author={Vald{\'e}s-Sosa, Pedro A and Vega-Hern{\'a}ndez, Mayrim and S{\'a}nchez-Bornot, Jos{\'e} Miguel and Mart{\'\i}nez-Montes, Eduardo and Bobes, Mar{\'\i}a Antonieta},
  journal={Human brain mapping},
  volume={30},
  number={6},
  pages={1898--1910},
  year={2009},
  publisher={Wiley Online Library}
}

@inproceedings{chartrand2008iteratively,
  title={Iteratively reweighted algorithms for compressive sensing},
  author={Chartrand, Rick and Yin, Wotao},
  booktitle={2008 IEEE International Conference on Acoustics, Speech and Signal Processing},
  pages={3869--3872},
  year={2008},
  organization={IEEE}
}

@article{bach2012optimization,
  title={Optimization with sparsity-inducing penalties},
  author={Bach, Francis and Jenatton, Rodolphe and Mairal, Julien and Obozinski, Guillaume},
  journal={Foundations and Trends{\textregistered} in Machine Learning},
  volume={4},
  number={1},
  pages={1--106},
  year={2012},
  publisher={Now Publishers Inc.}
}

@article{schwarz1978estimating,
  author = "Schwarz, Gideon and others",
  journal = "Ann. Stat.",
  number = "2",
  pages = "461--464",
  publisher = "Institute of Mathematical Statistics",
  title = "{Estimating the dimension of a model}",
  volume = "6",
  year = "1978"
}



@article{1stoner1992neural,
  title={Neural correlates of perceptual motion coherence},
  author={Stoner, Gene R and Albright, Thomas D},
  journal={Nature},
  volume={358},
  number={6385},
  pages={412--414},
  year={1992}
}

@article{2britten1992analysis,
  title={The analysis of visual motion: a comparison of neuronal and psychophysical performance},
  author={Britten, Kenneth H and Shadlen, Michael N and Newsome, William T and Movshon, J Anthony},
  journal={The Journal of Neuroscience},
  volume={12},
  number={12},
  pages={4745--4765},
  year={1992},
  publisher={Soc Neuroscience}
}

@article{3jazayeri2006optimal,
  title={Optimal representation of sensory information by neural populations},
  author={Jazayeri, Mehrdad and Movshon, J Anthony},
  journal={Nature neuroscience},
  volume={9},
  number={5},
  pages={690--696},
  year={2006},
  publisher={Nature Publishing Group}
}

@article{4rust2006mt,
  title={{How MT cells analyze the motion of visual patterns}},
  author={Rust, Nicole C and Mante, Valerio and Simoncelli, Eero P and Movshon, J Anthony},
  journal={Nature neuroscience},
  volume={9},
  number={11},
  pages={1421--1431},
  year={2006},
  publisher={Nature Publishing Group}
}

@article{5kamitani2005decoding,
  title={Decoding the visual and subjective contents of the human brain},
  author={Kamitani, Yukiyasu and Tong, Frank},
  journal={Nature neuroscience},
  volume={8},
  number={5},
  pages={679--685},
  year={2005},
  publisher={Nature Publishing Group}
}

@article{6wessberg2000real,
  title={Real-time prediction of hand trajectory by ensembles of cortical neurons in primates},
  author={Wessberg, Johan and Stambaugh, Christopher R and Kralik, Jerald D and Beck, Pamela D and Laubach, Mark and Chapin, John K and Kim, Jung and Biggs, S James and Srinivasan, Mandayam A and Nicolelis, Miguel AL},
  journal={Nature},
  volume={408},
  number={6810},
  pages={361--365},
  year={2000},
  publisher={Nature Publishing Group}
}

@article{7haynes2006decoding,
  title={Decoding mental states from brain activity in humans},
  author={Haynes, John-Dylan and Rees, Geraint},
  journal={Nature Reviews Neuroscience},
  volume={7},
  number={7},
  pages={523--534},
  year={2006},
  publisher={Nature Publishing Group}
}

@article{8poldrack2011inferring,
  title={Inferring mental states from neuroimaging data: from reverse inference to large-scale decoding},
  author={Poldrack, Russell A},
  journal={Neuron},
  volume={72},
  number={5},
  pages={692--697},
  year={2011},
  publisher={Elsevier}
}

@article{9cichy2014resolving,
  title={Resolving human object recognition in space and time},
  author={Cichy, Radoslaw Martin and Pantazis, Dimitrios and Oliva, Aude},
  journal={Nature neuroscience},
  volume={17},
  number={3},
  pages={455--462},
  year={2014},
  publisher={Nature Publishing Group}
}

@article{10horikawa2013neural,
  title={Neural decoding of visual imagery during sleep},
  author={Horikawa, Tomoyasu and Tamaki, Masako and Miyawaki, Yoichi and Kamitani, Yukiyasu},
  journal={Science},
  volume={340},
  number={6132},
  pages={639--642},
  year={2013},
  publisher={American Association for the Advancement of Science}
}

@article{11haynes2015primer,
  title={A primer on pattern-based approaches to {fMRI}: principles, pitfalls, and perspectives},
  author={Haynes, John-Dylan},
  journal={Neuron},
  volume={87},
  number={2},
  pages={257--270},
  year={2015},
  publisher={Elsevier}
}

@article{12beauchamp1997graded,
  title={Graded effects of spatial and featural attention on human area {MT} and associated motion processing areas},
  author={Beauchamp, Michael S and Cox, Robert W and Deyoe, Edgar A},
  journal={Journal of neurophysiology},
  volume={78},
  number={1},
  pages={516--520},
  year={1997},
  publisher={Am Physiological Soc}
}

@article{13kamitani2006decoding,
  title={Decoding seen and attended motion directions from activity in the human visual cortex},
  author={Kamitani, Yukiyasu and Tong, Frank},
  journal={Current biology},
  volume={16},
  number={11},
  pages={1096--1102},
  year={2006},
  publisher={Elsevier}
}

@article{14serences2007representation,
  title={The representation of behavioral choice for motion in human visual cortex},
  author={Serences, John T and Boynton, Geoffrey M},
  journal={The Journal of Neuroscience},
  volume={27},
  number={47},
  pages={12893--12899},
  year={2007},
  publisher={Soc Neuroscience}
}

@article{15hogendoorn2013decoding,
  title={Decoding the motion aftereffect in human visual cortex},
  author={Hogendoorn, Hinze and Verstraten, Frans AJ},
  journal={NeuroImage},
  volume={82},
  pages={426--432},
  year={2013},
  publisher={Elsevier}
}

@article{16van2014decoding,
  title={Decoding pattern motion information in {V1}},
  author={van Kemenade, Bianca M and Seymour, Kiley and Christophel, Thomas B and Rothkirch, Marcus and Sterzer, Philipp},
  journal={cortex},
  volume={57},
  pages={177--187},
  year={2014},
  publisher={Elsevier}
}

@article{17carlson2015sensible,
  title={Sensible decoding},
  author={Carlson, Thomas A and Wardle, Susan G},
  journal={NeuroImage},
  volume={110},
  pages={217--218},
  year={2015},
  publisher={Elsevier}
}

@article{18vintch2014cortical,
  title={Cortical correlates of human motion perception biases},
  author={Vintch, Brett and Gardner, Justin L},
  journal={The Journal of Neuroscience},
  volume={34},
  number={7},
  pages={2592--2604},
  year={2014},
  publisher={Soc Neuroscience}
}

@article{19wang2014motion,
  title={Motion direction biases and decoding in human visual cortex},
  author={Wang, Helena X and Merriam, Elisha P and Freeman, Jeremy and Heeger, David J},
  journal={The Journal of Neuroscience},
  volume={34},
  number={37},
  pages={12601--12615},
  year={2014},
  publisher={Soc Neuroscience}
}

@article{20mitchell2008predicting,
  title={Predicting human brain activity associated with the meanings of nouns},
  author={Mitchell, Tom M and Shinkareva, Svetlana V and Carlson, Andrew and Chang, Kai-Min and Malave, Vicente L and Mason, Robert A and Just, Marcel Adam},
  journal={Science},
  volume={320},
  number={5880},
  pages={1191--1195},
  year={2008},
  publisher={American Association for the Advancement of Science}
}

@article{21ramkumar2013feature,
  title={Feature-specific information processing precedes concerted activation in human visual cortex},
  author={Ramkumar, Pavan and Jas, Mainak and Pannasch, Sebastian and Hari, Riitta and Parkkonen, Lauri},
  journal={The Journal of neuroscience},
  volume={33},
  number={18},
  pages={7691--7699},
  year={2013},
  publisher={Soc Neuroscience}
}

@article{22king2014characterizing,
  title={Characterizing the dynamics of mental representations: the temporal generalization method},
  author={King, JR and Dehaene, S},
  journal={Trends in cognitive sciences},
  volume={18},
  number={4},
  pages={203--210},
  year={2014},
  publisher={Elsevier}
}

@article{23zilber2014supramodal,
  title={Supramodal processing optimizes visual perceptual learning and plasticity},
  author={Zilber, Nicolas and Ciuciu, Philippe and Gramfort, Alexandre and Azizi, Leila and Van Wassenhove, Virginie},
  journal={Neuroimage},
  volume={93},
  pages={32--46},
  year={2014},
  publisher={Elsevier}
}

@inproceedings{24cao2006adapting,
  title={Adapting ranking {SVM} to document retrieval},
  author={Cao, Yunbo and Xu, Jun and Liu, Tie-Yan and Li, Hang and Huang, Yalou and Hon, Hsiao-Wuen},
  booktitle={Proceedings of the 29th annual international ACM SIGIR conference on Research and development in information retrieval},
  pages={186--193},
  year={2006},
  organization={ACM}
}

@inproceedings{herbrich00ordinal,
  abstract = {Based on ideas from SV classification an algorithm is designed to
    obtain Large Margin Rank Boundaries for Ordinal Regression. In other
    words, a SV algorithm for learning preference relations. In addition
    to that, the paper contains a detailed derivation of the corresponding
    cost functions, risk functionals, and proves uniform convergence
    bounds for the setting. Experimental evidence shows the good performance
    of their distribution independent approach.},
  address = {Cambridge, MA},
  author = {Herbrich, R. and Graepel, T. and Obermayer, K.},
  biburl = {http://www.bibsonomy.org/bibtex/242b4c441e2d9ce7adc0577c99b5bf1cc/kdubiq},
  booktitle = {Advances in Large Margin Classifiers},
  description = {KDubiq Blueprint},
  editor = {Smola, A.J. and Bartlett, P.L. and Sch{\"o}lkopf, B. and Schuurmans, D.},
  groupsearch = {0},
  keywords = {imported},
  pages = {115-132},
  publisher = {{MIT} Press},
  timestamp = {2008-04-30T13:00:24.000+0200},
  title = {Large Margin Rank Boundaries for Ordinal Regression},
  year = 2000
}

@inproceedings{Joachims:2002,
 author = {Joachims, Thorsten},
 title = {Optimizing Search Engines Using Clickthrough Data},
 booktitle = {Proceedings of the Eighth ACM SIGKDD International Conference on Knowledge Discovery and Data Mining},
 series = {KDD '02},
 year = {2002},
 isbn = {1-58113-567-X},
 location = {Edmonton, Alberta, Canada},
 pages = {133--142},
 numpages = {10},
 doi = {10.1145/775047.775067},
 acmid = {775067},
 publisher = {ACM},
 address = {New York, NY, USA},
}

@article{25rao1999predictive,
  title={Predictive coding in the visual cortex: a functional interpretation of some extra-classical receptive-field effects},
  author={Rao, Rajesh PN and Ballard, Dana H},
  journal={Nature neuroscience},
  volume={2},
  number={1},
  pages={79--87},
  year={1999},
  publisher={Nature Publishing Group}
}

@article{26ahissar2004reverse,
  title={The reverse hierarchy theory of visual perceptual learning},
  author={Ahissar, Merav and Hochstein, Shaul},
  journal={Trends in cognitive sciences},
  volume={8},
  number={10},
  pages={457--464},
  year={2004},
  publisher={Elsevier}
}

@article{27gilbert2009perceptual,
  title={Perceptual learning and adult cortical plasticity},
  author={Gilbert, Charles D and Li, Wu and Piech, Valentin},
  journal={The Journal of Physiology},
  volume={587},
  number={12},
  pages={2743--2751},
  year={2009},
  publisher={Wiley Online Library}
}

@article{28sasaki2010advances,
  title={Advances in visual perceptual learning and plasticity},
  author={Sasaki, Yuka and Nanez, Jose E and Watanabe, Takeo},
  journal={Nature Reviews Neuroscience},
  volume={11},
  number={1},
  pages={53--60},
  year={2010},
  publisher={Nature Publishing Group}
}

@article{29roelfsema2010perceptual,
  title={Perceptual learning rules based on reinforcers and attention},
  author={Roelfsema, Pieter R and van Ooyen, Arjen and Watanabe, Takeo},
  journal={Trends in cognitive sciences},
  volume={14},
  number={2},
  pages={64--71},
  year={2010},
  publisher={Elsevier}
}

@article{30britten1996relationship,
  title={A relationship between behavioral choice and the visual responses of neurons in macaque MT},
  author={Britten, Kenneth H and Newsome, William T and Shadlen, Michael N and Celebrini, Simona and Movshon, J Anthony and others},
  journal={Visual neuroscience},
  volume={13},
  number={1},
  pages={87--100},
  year={1996},
  publisher={Cambridge Univ Press}
}

@article{31treue1999feature,
  title={Feature-based attention influences motion processing gain in macaque visual cortex},
  author={Treue, Stefan and Trujillo, Julio C Martinez},
  journal={Nature},
  volume={399},
  number={6736},
  pages={575--579},
  year={1999},
  publisher={Nature Publishing Group}
}

@article{32saproo2014attention,
  title={Attention improves transfer of motion information between {V1} and {MT}},
  author={Saproo, Sameer and Serences, John T},
  journal={The Journal of Neuroscience},
  volume={34},
  number={10},
  pages={3586--3596},
  year={2014},
  publisher={Soc Neuroscience}
}

@article{33ritchie2015emerging,
  title={Emerging object representations in the visual system predict reaction times for categorization},
  author={Ritchie, J Brendan and Tovar, David A and Carlson, Thomas A},
  journal={PLoS Comput Biol},
  volume={11},
  number={6},
  pages={e1004316},
  year={2015},
  publisher={Public Library of Science}
}

@article{34treves1997perceptual,
  title={On the perceptual structure of face space},
  author={Treves, Alessandro},
  journal={BioSystems},
  volume={40},
  number={1},
  pages={189--196},
  year={1997},
  publisher={Elsevier}
}

@article{35van2005visual,
  title={Visual speech speeds up the neural processing of auditory speech},
  author={Van Wassenhove, Virginie and Grant, Ken W and Poeppel, David},
  journal={Proceedings of the National Academy of Sciences of the United States of America},
  volume={102},
  number={4},
  pages={1181--1186},
  year={2005},
  publisher={National Acad Sciences}
}

@article{36stocker2006noise,
  title={Noise characteristics and prior expectations in human visual speed perception},
  author={Stocker, Alan A and Simoncelli, Eero P},
  journal={Nature neuroscience},
  volume={9},
  number={4},
  pages={578--585},
  year={2006},
  publisher={Nature Publishing Group}
}

@article{37bannert2013decoding,
  title={Decoding the yellow of a gray banana},
  author={Bannert, Michael M and Bartels, Andreas},
  journal={Current Biology},
  volume={23},
  number={22},
  pages={2268--2272},
  year={2013},
  publisher={Elsevier}
}

@article{38vetter2014decoding,
  title={Decoding sound and imagery content in early visual cortex},
  author={Vetter, Petra and Smith, Fraser W and Muckli, Lars},
  journal={Current Biology},
  volume={24},
  number={11},
  pages={1256--1262},
  year={2014},
  publisher={Elsevier}
}

@article{39carandini2012normalization,
  title={Normalization as a canonical neural computation},
  author={Carandini, Matteo and Heeger, David J},
  journal={Nature Reviews Neuroscience},
  volume={13},
  number={1},
  pages={51--62},
  year={2012},
  publisher={Nature Publishing Group}
}

@article{40fetsch2013bridging,
  title={Bridging the gap between theories of sensory cue integration and the physiology of multisensory neurons},
  author={Fetsch, Christopher R and DeAngelis, Gregory C and Angelaki, Dora E},
  journal={Nature Reviews Neuroscience},
  volume={14},
  number={6},
  pages={429--442},
  year={2013},
  publisher={Nature Publishing Group}
}

@article{41wichmann2001psychometric,
  title={The psychometric function: I. Fitting, sampling, and goodness of fit},
  author={Wichmann, Felix A and Hill, N Jeremy},
  journal={Perception \& psychophysics},
  volume={63},
  number={8},
  pages={1293--1313},
  year={2001},
  publisher={Springer}
}

@article{42gross2013good,
  title={Good practice for conducting and reporting {MEG} research},
  author={Gross, Joachim and Baillet, Sylvain and Barnes, Gareth R and Henson, Richard N and Hillebrand, Arjan and Jensen, Ole and Jerbi, Karim and Litvak, Vladimir and Maess, Burkhard and Oostenveld, Robert and others},
  journal={Neuroimage},
  volume={65},
  pages={349--363},
  year={2013},
  publisher={Elsevier}
}

@article{43taulu2006spatiotemporal,
  title={Spatiotemporal signal space separation method for rejecting nearby interference in {MEG} measurements},
  author={Taulu, Samu and Simola, Juha},
  journal={Physics in medicine and biology},
  volume={51},
  number={7},
  pages={1759},
  year={2006},
  publisher={IOP Publishing}
}

@article{44gramfort2014mne,
  title={{MNE software for processing MEG and EEG data}},
  author={Gramfort, Alexandre and Luessi, Martin and Larson, Eric and Engemann, Denis A and Strohmeier, Daniel and Brodbeck, Christian and Parkkonen, Lauri and H{\"a}m{\"a}l{\"a}inen, Matti S},
  journal={Neuroimage},
  volume={86},
  pages={446--460},
  year={2014},
  publisher={Elsevier}
}

@article{45gramfort2013meg,
  title={{MEG and EEG data analysis with MNE-Python}},
  author={Gramfort, Alexandre and Luessi, Martin and Larson, Eric and Engemann, Denis A and Strohmeier, Daniel and Brodbeck, Christian and Goj, Roman and Jas, Mainak and Brooks, Teon and Parkkonen, Lauri and others},
  journal={Frontiers in neuroscience},
  volume={7},
  pages={267},
  year={2013},
  publisher={Frontiers}
}

@article{46kruskal1958ordinal,
  title={Ordinal measures of association},
  author={Kruskal, William H},
  journal={Journal of the American Statistical Association},
  volume={53},
  number={284},
  pages={814--861},
  year={1958},
  publisher={Taylor \& Francis Group}
}

@article{47pessoa2007decoding,
  title={Decoding near-threshold perception of fear from distributed single-trial brain activation},
  author={Pessoa, Luiz and Padmala, Srikanth},
  journal={Cerebral Cortex},
  volume={17},
  number={3},
  pages={691--701},
  year={2007},
  publisher={Oxford Univ Press}
}

@article{48graf2011decoding,
  title={Decoding the activity of neuronal populations in macaque primary visual cortex},
  author={Graf, Arnulf BA and Kohn, Adam and Jazayeri, Mehrdad and Movshon, J Anthony},
  journal={Nature neuroscience},
  volume={14},
  number={2},
  pages={239--245},
  year={2011},
  publisher={Nature Publishing Group}
}

@article{pitts2012visual,
  title={Visual processing of contour patterns under conditions of inattentional blindness},
  author={Pitts, Michael A and Mart{\'\i}nez, Ant{\'\i}gona and Hillyard, Steven A},
  journal={Journal of cognitive neuroscience},
  volume={24},
  number={2},
  pages={287--303},
  year={2012},
  publisher={MIT Press}
}

@article{philiastides2006temporal,
  title={Temporal characterization of the neural correlates of perceptual decision making in the human brain},
  author={Philiastides, Marios G and Sajda, Paul},
  journal={Cerebral cortex},
  volume={16},
  number={4},
  pages={509--518},
  year={2006},
  publisher={Oxford Univ Press}
}

@article{philiastides2006neural,
  title={Neural representation of task difficulty and decision making during perceptual categorization: a timing diagram},
  author={Philiastides, Marios G and Ratcliff, Roger and Sajda, Paul},
  journal={The Journal of Neuroscience},
  volume={26},
  number={35},
  pages={8965--8975},
  year={2006},
  publisher={Soc Neuroscience}
}

@article{ratcliff2009quality,
  title={Quality of evidence for perceptual decision making is indexed by trial-to-trial variability of the {EEG}},
  author={Ratcliff, Roger and Philiastides, Marios G and Sajda, Paul},
  journal={Proceedings of the National Academy of Sciences},
  volume={106},
  number={16},
  pages={6539--6544},
  year={2009},
  publisher={National Acad Sciences}
}

@article{o2012supramodal,
  title={A supramodal accumulation-to-bound signal that determines perceptual decisions in humans},
  author={O'Connell, Redmond G and Dockree, Paul M and Kelly, Simon P},
  journal={Nature neuroscience},
  volume={15},
  number={12},
  pages={1729--1735},
  year={2012},
  publisher={Nature Publishing Group}
}

@article{wyart2012rhythmic,
  title={Rhythmic fluctuations in evidence accumulation during decision making in the human brain},
  author={Wyart, Valentin and De Gardelle, Vincent and Scholl, Jacqueline and Summerfield, Christopher},
  journal={Neuron},
  volume={76},
  number={4},
  pages={847--858},
  year={2012},
  publisher={Elsevier}
}

@article{de2013prestimulus,
  title={Prestimulus oscillatory activity over motor cortex reflects perceptual expectations},
  author={de Lange, Floris P and Rahnev, Dobromir A and Donner, Tobias H and Lau, Hakwan},
  journal={The Journal of Neuroscience},
  volume={33},
  number={4},
  pages={1400--1410},
  year={2013},
  publisher={Soc Neuroscience}
}

@article{kelly2013internal,
  title={Internal and external influences on the rate of sensory evidence accumulation in the human brain},
  author={Kelly, Simon P and O'Connell, Redmond G},
  journal={The Journal of Neuroscience},
  volume={33},
  number={50},
  pages={19434--19441},
  year={2013},
  publisher={Soc Neuroscience}
}

@article{mostert2015dissociating,
  title={Dissociating sensory from decision processes in human perceptual decision making},
  author={Mostert, Pim and Kok, Peter and de Lange, Floris P},
  journal={Scientific reports},
  volume={5},
  year={2015},
  publisher={Nature Publishing Group}
}

@article{heekeren2008neural,
  title={The neural systems that mediate human perceptual decision making},
  author={Heekeren, Hauke R and Marrett, Sean and Ungerleider, Leslie G},
  journal={Nature reviews neuroscience},
  volume={9},
  number={6},
  pages={467--479},
  year={2008},
  publisher={Nature Publishing Group}
}

@article{andersen2016occipital,
  title={Occipital {MEG} activity in the early time range ($<$ 300 ms) predicts graded changes in perceptual consciousness},
  author={Andersen, Lau M and Pedersen, Michael N and Sandberg, Kristian and Overgaard, Morten},
  journal={Cerebral Cortex},
  volume={26},
  number={6},
  pages={2677--2688},
  year={2016},
  publisher={Oxford Univ Press}
}

@article{heekeren2004general,
  title={A general mechanism for perceptual decision-making in the human brain},
  author={Heekeren, Hauke R and Marrett, Sean and Bandettini, Peter A and Ungerleider, Leslie G},
  journal={Nature},
  volume={431},
  number={7010},
  pages={859--862},
  year={2004},
  publisher={Nature Publishing Group}
}

@Book{GreenSwets,
title = { Signal detection theory and psychophysics },
author = { Green, David Marvin and Swets, John A.},
publisher = { Huntington, N.Y. : R. E. Krieger Pub. Co },
year = { 1966 },
type = { Book; Book/Illustrated },
isbn = { 0882751395 },
subjects = { Signal detection (Psychology) },
language = { English },
}

@article{katz2016dissociated,
  title={Dissociated functional significance of decision-related activity in the primate dorsal stream},
  author={Katz, Leor N and Yates, Jacob L and Pillow, Jonathan W and Huk, Alexander C},
  journal={Nature},
  volume={535},
  number={7611},
  pages={285--288},
  year={2016},
  publisher={Nature Publishing Group}
}

@article{mazurek2003role,
  title={A role for neural integrators in perceptual decision making},
  author={Mazurek, Mark E and Roitman, Jamie D and Ditterich, Jochen and Shadlen, Michael N},
  journal={Cerebral cortex},
  volume={13},
  number={11},
  pages={1257--1269},
  year={2003},
  publisher={Oxford Univ Press}
}

@article{de2011perceptual,
  title={Perceptual awareness and categorical representation of faces: Evidence from masked priming},
  author={De Gardelle, Vincent and Charles, Lucie and Kouider, Sid},
  journal={Consciousness and cognition},
  volume={20},
  number={4},
  pages={1272--1281},
  year={2011},
  publisher={Elsevier}
}

@article{salti2015distinct,
  title={Distinct cortical codes and temporal dynamics for conscious and unconscious percepts},
  author={Salti, Moti and Monto, Simo and Charles, Lucie and King, Jean-Remi and Parkkonen, Lauri and Dehaene, Stanislas},
  journal={Elife},
  volume={4},
  pages={e05652},
  year={2015},
  publisher={eLife Sciences Publications Limited}
}

@article{king2016brain,
  title={Brain mechanisms underlying the brief maintenance of seen and unseen sensory information},
  author={King, Jean-R{\'e}mi and Pescetelli, Niccolo and Dehaene, Stanislas},
  journal={Neuron},
  volume={92},
  number={5},
  pages={1122--1134},
  year={2016},
  publisher={Elsevier}
}

@article{He:2009:LID:1591901.1592322,
 author = {He, Haibo and Garcia, Edwardo A.},
 title = {Learning from Imbalanced Data},
 journal = {IEEE Trans. on Knowl. and Data Eng.},
 issue_date = {September 2009},
 volume = {21},
 number = {9},
 month = sep,
 year = {2009},
 issn = {1041-4347},
 pages = {1263--1284},
 numpages = {22},
 doi = {10.1109/TKDE.2008.239},
 acmid = {1592322},
 publisher = {IEEE Educational Activities Department},
 address = {Piscataway, NJ, USA},
 keywords = {Imbalanced learning, Imbalanced learning, classification, sampling methods, cost-sensitive learning, kernel-based learning, active learning, assessment metrics., active learning, assessment metrics., classification, cost-sensitive learning, kernel-based learning, sampling methods},
}

@article{Varoquaux2017166,
title = "Assessing and tuning brain decoders: Cross-validation, caveats, and guidelines ",
journal = "NeuroImage ",
volume = "145, Part B",
number = "",
pages = "166 - 179",
year = "2017",
issn = "1053-8119",
doi = "http://dx.doi.org/10.1016/j.neuroimage.2016.10.038",
author = "Gaël Varoquaux and Pradeep Reddy Raamana and Denis A. Engemann and AndrÃ©s Hoyos-Idrobo and Yannick Schwartz and Bertrand Thirion",
keywords = "Cross-validation"
}

@Article{kay2008,
  Title                    = {Identifying natural images from human brain activity},
  Author                   = {Kay, Kendrick N and Naselaris, Thomas and Prenger, Ryan J and Gallant, Jack L},
  Journal                  = {Nature},
  Year                     = {2008},
  Pages                    = {352},
  Volume                   = {452}
}

@ARTICLE{Kriegeskorte-etal:08,
AUTHOR={Kriegeskorte, Nikolaus and Mur, Marieke and Bandettini, Peter},
TITLE={Representational similarity analysis - connecting the branches of systems neuroscience},
JOURNAL={Frontiers in Systems Neuroscience},
VOLUME={2},
PAGES={4},
YEAR={2008},
DOI={10.3389/neuro.06.004.2008},
ISSN={1662-5137},
}

@article{wardle2016perceptual,
  title={Perceptual similarity of visual patterns predicts dynamic neural activation patterns measured with meg},
  author={Wardle, Susan G and Kriegeskorte, Nikolaus and Grootswagers, Tijl and Khaligh-Razavi, Seyed-Mahdi and Carlson, Thomas A},
  journal={NeuroImage},
  volume={132},
  pages={59--70},
  year={2016},
  publisher={Elsevier}
}

@article{ritchie2016neural,
  title={Neural Decoding and Inner Psychophysics: A Distance-to-Bound Approach for Linking Mind, Brain, and Behavior},
  author={Ritchie, J Brendan and Carlson, Thomas A},
  journal={Frontiers in neuroscience},
  volume={10},
  year={2016},
  publisher={Frontiers Media SA}
}

@article{kriegeskorte2013representational,
  title={Representational geometry: integrating cognition, computation, and the brain},
  author={Kriegeskorte, Nikolaus and Kievit, Rogier A},
  journal={Trends in cognitive sciences},
  volume={17},
  number={8},
  pages={401--412},
  year={2013},
  publisher={Elsevier}
}

@article{nakamura2003human,
title = "Human V5 demonstrated by magnetoencephalography using random dot kinematograms of different coherence levels",
journal = "Neuroscience Research",
volume = "46",
number = "4",
pages = "423 - 433",
year = "2003",
issn = "0168-0102",
doi = "https://doi.org/10.1016/S0168-0102(03)00119-6",
author = "Hajime Nakamura and Satoshi Kashii and Takashi Nagamine and Yoshie Matsui and Tadashi Hashimoto and Yoshihito Honda and Hiroshi Shibasaki",
keywords = "Motion perception, Random dot kinematograms (RDKs), Coherence level, Magnetoencephalography (MEG), Root mean square (RMS), Human V5"
}

@article {amano2006estimation,
	author = {Amano, Kaoru and Goda, Naokazu and Nishida, Shin{\textquoteright}ya and Ejima, Yoshimichi and Takeda, Tsunehiro and Ohtani, Yoshio},
	title = {Estimation of the Timing of Human Visual Perception from Magnetoencephalography},
	volume = {26},
	number = {15},
	pages = {3981--3991},
	year = {2006},
	doi = {10.1523/JNEUROSCI.4343-05.2006},
	publisher = {Society for Neuroscience},
	issn = {0270-6474},
	journal = {Journal of Neuroscience}
}

@article{handel2008selective,
author = {Handel, Barbara and Lutzenberger, Werner and Thier, Peter and Haarmeier, Thomas},
title = {Selective Attention Increases the Dependency of Cortical Responses on Visual Motion Coherence in Man},
journal = {Cerebral Cortex},
volume = {18},
number = "12",
pages = "2902--2908",
year = "2008"
}

@INPROCEEDINGS{bekhti_eusipco, 
author={Y. Bekhti and R. Badeau and A. Gramfort}, 
booktitle={2017 25th European Signal Processing Conference (EUSIPCO)}, 
title={Hyperparameter estimation in maximum a posteriori regression using group sparsity with an application to brain imaging}, 
year={2017}, 
volume={}, 
number={}, 
pages={246-250}, 
keywords={Bayes methods;Brain modeling;Estimation;Europe;Inverse problems;Sensors;Signal processing}, 
doi={10.23919/EUSIPCO.2017.8081206}, 
ISSN={}, 
month={Aug},}

@ARTICLE{bekhti_arxiv_pmb,
   author = {{Bekhti}, Y. and {Lucka}, F. and {Salmon}, J. and {Gramfort}, A.
	},
    title = "{A hierarchical Bayesian perspective on majorization-minimization for non-convex sparse regression: application to M/EEG source imaging}",
  journal = {ArXiv e-prints},
archivePrefix = "arXiv",
   eprint = {1710.08747},
 primaryClass = "stat.AP",
 keywords = {Statistics - Applications},
     year = 2017,
    month = oct,
   adsurl = {http://adsabs.harvard.edu/abs/2017arXiv171008747B},
  adsnote = {Provided by the SAO/NASA Astrophysics Data System}
}

@article {Bekhti_bioarxiv,
	author = {Bekhti, Yousra and Gramfort, Alexandre and Zilber, Nicolas and van Wassenhove, Virginie},
	title = {Decoding the categorization of visual motion with magnetoencephalography},
	year = {2017},
	doi = {10.1101/103044},
	publisher = {Cold Spring Harbor Laboratory},
	journal = {bioRxiv}
}

@INPROCEEDINGS{jas_autoreject_prni, 
author={M. Jas and D. Engemann and F. Raimondo and Y. Bekhti and A. Gramfort}, 
booktitle={2016 International Workshop on Pattern Recognition in Neuroimaging (PRNI)}, 
title={Automated rejection and repair of bad trials in MEG/EEG}, 
year={2016}, 
volume={}, 
number={}, 
pages={1-4}, 
keywords={electroencephalography;interpolation;magnetoencephalography;medical signal processing;EEG;MEG;bad trials automated rejection;bad trials repair;electroencephalography;interpolation;magnetoencephalography;peak-to-peak rejection thresholds;sensor-specific rejection threshold;visual data inspection;Interpolation;Magnetic sensors;Maintenance engineering;Manuals;Pipelines;Robustness;artifact rejection;automation;electroencephalography;machine learning;magnetoencephalography;preprocessing}, 
doi={10.1109/PRNI.2016.7552336}, 
ISSN={}, 
month={June},}

@article{jas_neuroimage,
title = "Autoreject: Automated artifact rejection for MEG and EEG data",
journal = "NeuroImage",
volume = "159",
number = "Supplement C",
pages = "417 - 429",
year = "2017",
issn = "1053-8119",
doi = "https://doi.org/10.1016/j.neuroimage.2017.06.030",
url = "http://www.sciencedirect.com/science/article/pii/S1053811917305013",
author = "Mainak Jas and Denis A. Engemann and Yousra Bekhti and Federico Raimondo and Alexandre Gramfort",
keywords = "Magnetoencephalography (MEG), Electroencephalogram (EEG), Preprocessing, Statistical learning, Cross-validation, Automated analysis, Human Connectome Project (HCP)"
}

@article{hodgkin1964conduction,
  title={Conduction of the nervous impulse},
  author={Hodgkin, Alan Lloyd},
  year={1964},
  publisher={Liverpool University Press}
}

@article{gloor1985neuronal,
  title={Neuronal generators and the problem of localization in electroencephalography: application of volume conductor theory to electroencephalography.},
  author={Gloor, Pierre},
  journal={Journal of clinical neurophysiology},
  volume={2},
  number={4},
  pages={327--354},
  year={1985},
  publisher={LWW}
}

@article{nunez2000relationship,
  title={On the relationship of synaptic activity to macroscopic measurements: does co-registration of EEG with fMRI make sense?},
  author={Nunez, Paul L and Silberstein, Richard B},
  journal={Brain topography},
  volume={13},
  number={2},
  pages={79--96},
  year={2000},
  publisher={Springer}
}

@book{nunez2006electric,
  title={Electric fields of the brain: the neurophysics of EEG},
  author={Nunez, Paul L and Srinivasan, Ramesh},
  year={2006},
  publisher={Oxford University Press, USA}
}

@article{hamalainen1993magnetoencephalography,
  title={Magnetoencephalography—theory, instrumentation, and applications to noninvasive studies of the working human brain},
  author={H{\"a}m{\"a}l{\"a}inen, Matti and Hari, Riitta and Ilmoniemi, Risto J and Knuutila, Jukka and Lounasmaa, Olli V},
  journal={Reviews of modern Physics},
  volume={65},
  number={2},
  pages={413},
  year={1993},
  publisher={APS}
}

@article{baillet2001electromagnetic,
  title={Electromagnetic brain mapping},
  author={Baillet, Sylvain and Mosher, John C and Leahy, Richard M},
  journal={IEEE Signal processing magazine},
  volume={18},
  number={6},
  pages={14--30},
  year={2001},
  publisher={IEEE}
}

@article{malmivuo2012comparison,
  title={Comparison of the properties of EEG and MEG in detecting the electric activity of the brain},
  author={Malmivuo, Jaakko},
  journal={Brain topography},
  volume={25},
  number={1},
  pages={1--19},
  year={2012},
  publisher={Springer}
}

@article{sharon2007advantage,
  title={The advantage of combining MEG and EEG: comparison to fMRI in focally stimulated visual cortex},
  author={Sharon, Dahlia and H{\"a}m{\"a}l{\"a}inen, Matti S and Tootell, Roger BH and Halgren, Eric and Belliveau, John W},
  journal={Neuroimage},
  volume={36},
  number={4},
  pages={1225--1235},
  year={2007},
  publisher={Elsevier}
}

@article{aydin2015combined,
  title={Combined EEG/MEG can outperform single modality EEG or MEG source reconstruction in presurgical epilepsy diagnosis},
  author={Aydin, {\"U}mit and Vorwerk, Johannes and D{\"u}mpelmann, Matthias and K{\"u}pper, Philipp and Kugel, Harald and Heers, Marcel and Wellmer, J{\"o}rg and Kellinghaus, Christoph and Haueisen, Jens and Rampp, Stefan and others},
  journal={PLoS One},
  volume={10},
  number={3},
  pages={e0118753},
  year={2015},
  publisher={Public Library of Science}
}

@book{mallat2008wavelet,
  title={A wavelet tour of signal processing: the sparse way},
  author={Mallat, Stephane},
  year={2008},
  publisher={Academic press}
}

@article{hlawatsch1992linear,
  title={Linear and quadratic time-frequency signal representations},
  author={Hlawatsch, Franz and Boudreaux-Bartels, G Faye},
  journal={IEEE signal processing magazine},
  volume={9},
  number={2},
  pages={21--67},
  year={1992}
}

@book{wickerhauser1994adapted,
  title={Adapted wavelet analysis from theory to software},
  author={Wickerhauser, Mladen Victor},
  year={1994},
  publisher={IEEE press}
}

@article{mosher1999eeg,
  title={EEG and MEG: forward solutions for inverse methods},
  author={Mosher, John C and Leahy, Richard M and Lewis, Paul S},
  journal={IEEE Transactions on Biomedical Engineering},
  volume={46},
  number={3},
  pages={245--259},
  year={1999},
  publisher={IEEE}
}

@incollection{tripp1983physical,
  title={Physical concepts and mathematical models},
  author={Tripp, JH},
  booktitle={Biomagnetism},
  pages={101--139},
  year={1983},
  publisher={Springer}
}

@article{heller1992brain,
  title={Brain stimulation using electromagnetic sources: theoretical aspects},
  author={Heller, Leon and van Hulsteyn, David B},
  journal={Biophysical journal},
  volume={63},
  number={1},
  pages={129--138},
  year={1992},
  publisher={Elsevier}
}

@article{berg1994fast,
  title={A fast method for forward computation of multiple-shell spherical head models},
  author={Berg, Patrick and Scherg, Michael},
  journal={Electroencephalography and clinical neurophysiology},
  volume={90},
  number={1},
  pages={58--64},
  year={1994},
  publisher={Elsevier}
}

@article{zhang1995fast,
  title={A fast method to compute surface potentials generated by dipoles within multilayer anisotropic spheres},
  author={Zhang, Zhi},
  journal={Physics in medicine and biology},
  volume={40},
  number={3},
  pages={335},
  year={1995},
  publisher={IOP Publishing}
}

@article{parikh2014proximal,
  title={Proximal algorithms},
  author={Parikh, Neal and Boyd, Stephen and others},
  journal={Foundations and Trends{\textregistered} in Optimization},
  volume={1},
  number={3},
  pages={127--239},
  year={2014},
  publisher={Now Publishers, Inc.}
}

@article{nesterov2012efficiency,
  title={Efficiency of coordinate descent methods on huge-scale optimization problems},
  author={Nesterov, Yu},
  journal={SIAM Journal on Optimization},
  volume={22},
  number={2},
  pages={341--362},
  year={2012},
  publisher={SIAM}
}

@article{tseng2001convergence,
  title={Convergence of a block coordinate descent method for nondifferentiable minimization},
  author={Tseng, Paul},
  journal={Journal of optimization theory and applications},
  volume={109},
  number={3},
  pages={475--494},
  year={2001},
  publisher={Springer}
}

@article{wei2012doa,
  title={DOA estimation using a greedy block coordinate descent algorithm},
  author={Wei, Xiaohan and Yuan, Yabo and Ling, Qing},
  journal={IEEE Transactions on Signal Processing},
  volume={60},
  number={12},
  pages={6382--6394},
  year={2012},
  publisher={IEEE}
}

@article{simon2013sparse,
  title={A sparse-group lasso},
  author={Simon, Noah and Friedman, Jerome and Hastie, Trevor and Tibshirani, Robert},
  journal={Journal of Computational and Graphical Statistics},
  volume={22},
  number={2},
  pages={231--245},
  year={2013},
  publisher={Taylor \& Francis}
}

@inproceedings{wang2014two,
  title={Two-layer feature reduction for sparse-group lasso via decomposition of convex sets},
  author={Wang, Jie and Ye, Jieping},
  booktitle={Advances in Neural Information Processing Systems},
  pages={2132--2140},
  year={2014}
}

@inproceedings{roth2008group,
  title={The group-lasso for generalized linear models: uniqueness of solutions and efficient algorithms},
  author={Roth, Volker and Fischer, Bernd},
  booktitle={Proceedings of the 25th international conference on Machine learning},
  pages={848--855},
  year={2008},
  organization={ACM}
}

@article{scherg1990fundamentals,
  title={Fundamentals of dipole source potential analysis},
  author={Scherg, Michael},
  journal={Auditory evoked magnetic fields and electric potentials. Advances in audiology},
  volume={6},
  pages={40--69},
  year={1990},
  publisher={Karger Basel}
}

@article{hillebrand2005new,
  title={A new approach to neuroimaging with magnetoencephalography},
  author={Hillebrand, Arjan and Singh, Krish D and Holliday, Ian E and Furlong, Paul L and Barnes, Gareth R},
  journal={Human brain mapping},
  volume={25},
  number={2},
  pages={199--211},
  year={2005},
  publisher={Wiley Online Library}
}

@article{mosher99mulsigclassif,
  title={EEG source localization and imaging using multiple signal classification approaches},
  author={Mosher, John C and Baillet, Sylvain and Leahy, Richard M},
  journal={Journal of Clinical Neurophysiology},
  volume={16},
  number={3},
  pages={225--238},
  year={1999},
  publisher={LWW}
}

@article{pascual1999review,
  title={Review of methods for solving the EEG inverse problem},
  author={Pascual-Marqui, Roberto Domingo},
  journal={International journal of bioelectromagnetism},
  volume={1},
  number={1},
  pages={75--86},
  year={1999}
}

@article{fuchs1999linear,
  title={Linear and nonlinear current density reconstructions},
  author={Fuchs, Manfred and Wagner, Michael and K{\"o}hler, Thomas and Wischmann, Hans-Aloys},
  journal={Journal of clinical Neurophysiology},
  volume={16},
  number={3},
  pages={267--295},
  year={1999},
  publisher={LWW}
}

@article{haufe2011large,
  title={Large-scale EEG/MEG source localization with spatial flexibility},
  author={Haufe, Stefan and Tomioka, Ryota and Dickhaus, Thorsten and Sannelli, Claudia and Blankertz, Benjamin and Nolte, Guido and M{\"u}ller, Klaus-Robert},
  journal={NeuroImage},
  volume={54},
  number={2},
  pages={851--859},
  year={2011},
  publisher={Elsevier}
}

@article{huang2014meg,
  title={MEG source imaging method using fast L1 minimum-norm and its applications to signals with brain noise and human resting-state source amplitude images},
  author={Huang, Ming-Xiong and Huang, Charles W and Robb, Ashley and Angeles, AnneMarie and Nichols, Sharon L and Baker, Dewleen G and Song, Tao and Harrington, Deborah L and Theilmann, Rebecca J and Srinivasan, Ramesh and others},
  journal={Neuroimage},
  volume={84},
  pages={585--604},
  year={2014},
  publisher={Elsevier}
}

@article{palmero2007swloreta,
  title={swLORETA: a novel approach to robust source localization and synchronization tomography},
  author={Palmero-Soler, Ernesto and Dolan, Kevin and Hadamschek, Volker and Tass, Peter A},
  journal={Physics in medicine and biology},
  volume={52},
  number={7},
  pages={1783},
  year={2007},
  publisher={IOP Publishing}
}

@inproceedings{kohler2006depth,
  title={Depth normalization in MEG/EEG current density imaging},
  author={Kohler, Th and Wagner, M and Fuchs, M and Wischmann, H-A and Drenckhahn, R and Theissen, A},
  booktitle={Engineering in Medicine and Biology Society, 1996. Bridging Disciplines for Biomedicine. Proceedings of the 18th Annual International Conference of the IEEE},
  volume={2},
  pages={812--813},
  year={2006},
  organization={IEEE}
}

@article{stenbacka2002comparison,
  title={Comparison of minimum current estimate and dipole modeling in the analysis of simulated activity in the human visual cortices},
  author={Stenbacka, Linda and Vanni, Simo and Uutela, Kimmo and Hari, Riitta},
  journal={NeuroImage},
  volume={16},
  number={4},
  pages={936--943},
  year={2002},
  publisher={Elsevier}
}

@article{huang2006vector,
  title={Vector-based spatial--temporal minimum L1-norm solution for MEG},
  author={Huang, Ming-Xiong and Dale, Anders M and Song, Tao and Halgren, Eric and Harrington, Deborah L and Podgorny, Igor and Canive, Jose M and Lewis, Stephen and Lee, Roland R},
  journal={NeuroImage},
  volume={31},
  number={3},
  pages={1025--1037},
  year={2006},
  publisher={Elsevier}
}

@inproceedings{ndiaye2016gap,
  title={Gap safe screening rules for sparse-group lasso},
  author={Ndiaye, Eugene and Fercoq, Olivier and Gramfort, Alexandre and Salmon, Joseph},
  booktitle={Advances in Neural Information Processing Systems},
  pages={388--396},
  year={2016}
}

@inproceedings{ndiaye2017efficient,
  title={Efficient smoothed concomitant Lasso estimation for high dimensional regression},
  author={Ndiaye, Eugene and Fercoq, Olivier and Gramfort, Alexandre and Lecl{\`e}re, Vincent and Salmon, Joseph},
  booktitle={Journal of Physics: Conference Series},
  volume={904},
  number={1},
  pages={012006},
  year={2017},
  organization={IOP Publishing}
}

@article{massias2017safe,
  title={From safe screening rules to working sets for faster Lasso-type solvers},
  author={Massias, Mathurin and Gramfort, Alexandre and Salmon, Joseph},
  journal={arXiv preprint arXiv:1703.07285},
  year={2017}
}

@inproceedings{massiasgap,
  title={Gap Safe screening rules for faster complex-valued multi-task group Lasso},
  author={Massias, Mathurin and Salmon, Joseph and Gramfort, Alexandre},
  booktitle={SPARS Conf. 2017}
}

@misc{bernardo2001bayesian,
  title={Bayesian theory},
  author={Bernardo, Jos{\'e} M and Smith, Adrian FM},
  year={2001},
  publisher={IOP Publishing}
}

@article{hazim2015magnetoencephalography,
  title={Magnetoencephalography Phantom Comparison and Validation: Hospital Universiti Sains Malaysia (HUSM) Requisite},
  author={Hazim, OMAR and AHMAD, Alwani Liyan and Hayashi, Noburo and Idris, Zamzuri and Abdullah, Jafri Malin},
  journal={The Malaysian journal of medical sciences: MJMS},
  volume={22},
  number={Spec Issue},
  pages={20},
  year={2015},
  publisher={School of Medical Sciences, Universiti Sains Malaysia}
}

@article{tadel2011brainstorm,
  title={Brainstorm: a user-friendly application for MEG/EEG analysis},
  author={Tadel, Fran{\c{c}}ois and Baillet, Sylvain and Mosher, John C and Pantazis, Dimitrios and Leahy, Richard M},
  journal={Computational intelligence and neuroscience},
  volume={2011},
  pages={8},
  year={2011},
  publisher={Hindawi Publishing Corp.}
}

@article{ilmoniemi1985forward,
  title={The forward and inverse problems in the spherical model},
  author={Ilmoniemi, RJ},
  journal={Biomagnetism: Applications \& Theory},
  year={1985},
  publisher={Pergamon}
}

@article{leahy1998study,
  title={A study of dipole localization accuracy for MEG and EEG using a human skull phantom},
  author={Leahy, RM and Mosher, JC and Spencer, ME and Huang, MX and Lewine, JD},
  journal={Electroencephalography and clinical neurophysiology},
  volume={107},
  number={2},
  pages={159--173},
  year={1998},
  publisher={Elsevier}
}

@article{baillet2001evaluation,
  title={Evaluation of inverse methods and head models for EEG source localization using a human skull phantom},
  author={Baillet, S and Riera, JJ and Marin, G and Mangin, JF and Aubert, J and Garnero, L},
  journal={Physics in medicine and biology},
  volume={46},
  number={1},
  pages={77},
  year={2001},
  publisher={IOP Publishing}
}

@article{hairston2016ballistic,
  title={Ballistic gelatin as a putative substrate for EEG phantom devices},
  author={Hairston, W David and Slipher, Geoffrey A and Yu, Alfred B},
  journal={arXiv preprint arXiv:1609.07691},
  year={2016}
}

@article{jas2017learning,
  title={Learning the Morphology of Brain Signals Using Alpha-Stable Convolutional Sparse Coding},
  author={Jas, Mainak and Tour, La and Dupr{\'e}, Tom and {\c{S}}im{\c{s}}ekli, Umut and Gramfort, Alexandre},
  journal={arXiv preprint arXiv:1705.08006},
  year={2017}
}

@inproceedings{jost2006motif,
  title={MoTIF: An efficient algorithm for learning translation invariant dictionaries},
  author={Jost, Philippe and Vandergheynst, Pierre and Lesage, Sylvain and Gribonval, R{\'e}mi},
  booktitle={Acoustics, Speech and Signal Processing, 2006. ICASSP 2006 Proceedings. 2006 IEEE International Conference on},
  volume={5},
  pages={V--V},
  year={2006},
  organization={IEEE}
}

@article{brockmeier2016learning,
  title={Learning recurrent waveforms within EEGs},
  author={Brockmeier, Austin J and Pr{\'\i}ncipe, Jos{\'e} C},
  journal={IEEE Transactions on Biomedical Engineering},
  volume={63},
  number={1},
  pages={43--54},
  year={2016},
  publisher={IEEE}
}

@article{hitziger2017adaptive,
  title={Adaptive Waveform Learning: A Framework for Modeling Variability in Neurophysiological Signals},
  author={Hitziger, Sebastian and Clerc, Maureen and Saillet, Sandrine and Benar, Christian and Papadopoulo, Theodore},
  journal={IEEE Transactions on Signal Processing},
  year={2017},
  publisher={IEEE}
}

@article{strohmeier2012meg,
  title={MEG/EEG single trial source estimates based on inter-trial priors in the time-frequency domain for source connectivity analysis},
  author={Strohmeier, D and Kowalski, M and Haueisen, J and H{\"a}m{\"a}l{\"a}inen, M and Gramfort, A},
  journal={Biomedical Engineering/Biomedizinische Technik},
  volume={57},
  number={SI-1 Track-F},
  pages={391--391},
  year={2012}
}

@article{strohmeier2012biomag,
  title={Analyzing trial-to-trial variability of neuronal activity using MEG/EEG source reconstruction with mixed norm priors in the time-frequency domain},
  author={Strohmeier, D and Kowalski, M and Haueisen, J and H{\"a}m{\"a}l{\"a}inen, M and Gramfort, A},
  journal={18th International Conference on Biomagnetism (BIOMAG)},
  year={2012}
}

@article{hadamard1902problemes,
  title={Sur les probl{\`e}mes aux d{\'e}riv{\'e}es partielles et leur signification physique},
  author={Hadamard, Jacques},
  journal={Princeton university bulletin},
  pages={49--52},
  year={1902},
  publisher={Princeton University}
}

@article{wassenberg2008multichannel,
  title={Multichannel EEG},
  author={Wassenberg, Wilhelmina Johanna Gerarda van de},
  year={2008}
}

@article{de2002estimating,
  title={Estimating stationary dipoles from MEG/EEG data contaminated with spatially and temporally correlated background noise},
  author={De Munck, Jan Casper and Huizenga, Hilde M and Waldorp, Lourens J and Heethaar, RA},
  journal={IEEE Transactions on Signal Processing},
  volume={50},
  number={7},
  pages={1565--1572},
  year={2002},
  publisher={IEEE}
}

@article{wolters2006influence,
  title={Influence of tissue conductivity anisotropy on EEG/MEG field and return current computation in a realistic head model: a simulation and visualization study using high-resolution finite element modeling},
  author={Wolters, Carsten Hermann and Anwander, Alfred and Tricoche, X and Weinstein, D and Koch, Martin A and MacLeod, RS},
  journal={NeuroImage},
  volume={30},
  number={3},
  pages={813--826},
  year={2006},
  publisher={Elsevier}
}

@article{liu2002monte,
  title={Monte Carlo simulation studies of EEG and MEG localization accuracy},
  author={Liu, Arthur K and Dale, Anders M and Belliveau, John W},
  journal={Human brain mapping},
  volume={16},
  number={1},
  pages={47--62},
  year={2002},
  publisher={Wiley Online Library}
}

@article{mosher1993error,
  title={Error bounds for EEG and MEG dipole source localization},
  author={Mosher, John C and Spencer, Michael E and Leahy, Richard M and Lewis, Paul S},
  journal={Electroencephalography and clinical Neurophysiology},
  volume={86},
  number={5},
  pages={303--321},
  year={1993},
  publisher={Elsevier}
}

@article{liu1998spatiotemporal,
  title={Spatiotemporal imaging of human brain activity using functional MRI constrained magnetoencephalography data: Monte Carlo simulations},
  author={Liu, Arthur K and Belliveau, John W and Dale, Anders M},
  journal={Proceedings of the National Academy of Sciences},
  volume={95},
  number={15},
  pages={8945--8950},
  year={1998},
  publisher={National Acad Sciences}
}

